4364 5858
996 393 1291 401 --—--—-.--——-..
1301 390 1355 399 -.ι-.-

225 498 382 599 videtur,
413 534 525 606 quam
553 506 711 582 maxime
742 535 828 584 esse
858 511 1020 584 confusa.
1085 511 1157 605 Qui
1185 511 1374 606 quomodo
1416 536 1483 583 seu
1512 506 1764 583 contrahendo
1794 538 1860 582 sen
1890 510 1984 584 lalso
2014 512 2122 583 inter-

229 644 411 741 pretando
442 644 680 740 Polybianam
708 673 856 745 pugnae
891 647 1081 719 Zamensis
1117 640 1403 740 descriptionem
1438 647 1471 717 in
1501 647 1609 741 pejus
1648 645 1793 716 mutarit
1826 663 1864 716 nt
1897 665 2124 743 agnoscatur

225 776 345 877 pauca
374 780 459 852 mihi
488 779 655 854 sulficere
688 780 867 854 videntur.

466 912 639 1010 Polybius
671 918 766 1012 (cap.
810 918 869 1010 12)
907 915 1060 1011 primum
1092 916 1268 1011 impetum
1304 916 1352 988 ab
1388 913 1596 988 Hannibale
1626 941 1694 1009 per
1726 914 1945 1011 elephantos
1984 916 2119 988 lactum

224 1075 311 1121 esse
340 1065 514 1122 autumat.
572 1050 685 1123 Porro
714 1066 848 1142 narrat,
878 1047 1158 1146 elephantorum
1187 1075 1269 1121 curn
1312 1050 1424 1122 tubae
1466 1075 1677 1145 cornuaque
1722 1068 1898 1121 canerent
1933 1049 2024 1121 alios
2064 1077 2119 1121 re-

224 1181 388 1258 silientes
417 1185 451 1257 in
480 1184 660 1257 Numidas
690 1184 777 1274 isse,
807 1183 899 1258 alios
928 1184 962 1257 in
990 1185 1241 1257 Romanorum
1270 1183 1419 1272 veliteS,
1450 1184 1511 1280 qni
1541 1186 1634 1256 inter
1659 1185 1983 1282 antesignanorum
2023 1186 2121 1256 ordi-

227 1343 295 1391 nes
322 1316 431 1392 locati
461 1334 582 1407 erant,
612 1320 802 1417 ingressos
839 1318 951 1392 multa
980 1319 1130 1415 quidem
1160 1318 1257 1392 mala
1285 1320 1387 1415 ipsos
1417 1346 1503 1392 esse
1533 1345 1748 1415 perpessos,
1792 1336 1915 1391 tamen
1943 1345 2121 1417 magnum

226 1478 376 1549 quoque
407 1453 664 1529 detrimentum
692 1454 725 1525 in
754 1454 883 1528 hostes
913 1455 1097 1543 edidisse,
1127 1455 1247 1526 donec
1276 1454 1333 1526 alii
1364 1480 1431 1549 per
1451 1453 1638 1527 intervalla
1667 1453 1821 1549 expulsi,
1852 1454 1909 1526 alii
1944 1454 2118 1527 dextram

223 1603 366 1682 partem
395 1614 525 1662 versus
555 1589 807 1686 perfugientes
837 1589 999 1685 indeque
1030 1590 1062 1660 in
1092 1588 1212 1661 loernn
1241 1566 1344 1661 extra
1374 1591 1574 1662 exercitum
1604 1590 1711 1661 situm
1748 1589 1888 1684 expulsi
1929 1616 1998 1661 una
2033 1616 2118 1661 enin

224 1721 353 1795 Laelio
382 1722 740 1822 Carthaginiensium
769 1724 914 1824 equites
943 1726 977 1797 in
1006 1724 1130 1821 lugam
1160 1740 1355 1796 verterunt.

435 1859 558 1953 Quam
587 1860 874 1955 descriptionem
899 1875 973 1931 tam
1002 1857 1197 1931 dilucidam
1225 1861 1405 1955 interpres
1430 1857 1487 1931 ille
1517 1858 1656 1954 l‘olybii
1691 1860 1760 1931 hoc
1791 1861 1903 1931 morlo
1934 1860 2114 1932 reddidit:

439 1992 501 2065 llle
532 1994 641 2083 enim,
681 2020 762 2065 cnm
791 2011 830 2066 ut
857 1995 1046 2066 Romanus
1076 2019 1098 2065 a
1126 1993 1302 2065 Romanis
1333 1994 1475 2089 signnm
1506 2019 1593 2065 esse
1624 1994 1749 2066 datum
1780 1993 2006 2081 tradidisset,
2049 1997 2120 2090 pri-

223 2153 320 2199 mum
359 2126 533 2223 impetum
573 2129 621 2200 ab
651 2126 857 2200 Hannibale
893 2155 961 2224 per
999 2127 1218 2224 elephantos
1255 2128 1387 2200 laetum
1424 2155 1511 2201 esse
1549 2144 1587 2200 ut
1615 2127 1759 2200 silentio
1788 2129 2007 2224 praeteriret
2036 2129 2121 2224 ipsa

223 2262 274 2333 rei
311 2278 439 2335 natura
477 2279 628 2335 coactns
664 2279 755 2337 erat.
812 2262 883 2357 Qui
932 2261 1041 2334 nihilo
1077 2278 1199 2334 tamen
1238 2264 1359 2334 secius
1397 2279 1530 2358 postea
1569 2289 1650 2333 curn
1685 2262 1904 2358 elephantos
1934 2264 1966 2334 in
1995 2290 2123 2360 pugna

223 2396 471 2469 describenda
505 2397 800 2493 praetermittere
830 2398 1010 2492 nequiret,
1041 2397 1131 2469 alias
1161 2424 1283 2494 aeque
1314 2424 1356 2470 ac
1378 2395 1551 2493 Polybius
1584 2403 1629 2494 (e.
1668 2402 1725 2493 12)
1757 2424 1838 2470 cum
1868 2398 2122 2470 Romanorum

166 2590 174 2627 ,
199 2614 204 2627 ‚
226 2532 336 2603 tubae
354 2528 559 2649 corjuaqne
576 2533 795 2605 cecinissent
810 2533 843 2603 in
859 2557 957 2617 snos,
976 2532 1126 2605 llllauros
1146 2558 1188 2603 ac
1212 2532 1401 2617 Numidas,
1421 2559 1462 2604 se
1486 2549 1673 2604 vertentes
1697 2532 1792 2619 lecit,
1810 2531 1906 2605 nullo
1922 2534 2039 2604 verbo
2058 2534 2121 2603 ad-

226 2665 303 2736 dito
318 2667 459 2739 bestias
476 2667 556 2763 jam
584 2684 695 2739 antea
718 2693 765 2737 ex
794 2664 1008 2738 Hannibalis
1033 2666 1138 2762 jussu
1155 2667 1186 2735 in
1204 2666 1393 2738 Romanos
1410 2692 1496 2737 esse
1513 2693 1755 2764 progressas,
1785 2665 1876 2738 alios
1909 2668 1941 2737 in
1971 2667 2122 2739 hostem

224 2816 327 2873 actos
370 2801 462 2873 inter
502 2799 651 2873 velitum
693 2802 842 2873 ordines
884 2827 964 2872 cnm
1009 2797 1126 2871 multis
1170 2801 1243 2871 suis
1280 2798 1486 2871 vulneribus
1522 2802 1708 2896 ingentem
1747 2803 1910 2874 edidisse
1951 2820 2121 2897 stragem

228 2936 383 3033 scripsit,
413 2962 494 3008 cum
523 2937 571 3008 ab
599 2934 779 3025 velitibus,
809 2936 868 3032 qni
899 2934 956 3007 via
977 2933 1183 3030 elephantis
1214 2934 1309 3006 lacta
1339 2951 1386 3004 nt¹
1404 2934 1528 3029 Scipio
1553 2936 1728 3031 jusserat,
1759 2935 1892 3011 nullum
1921 2936 2123 3010 detrimen-

225 3087 300 3143 tum
336 3072 535 3166 cepissent,
565 3098 613 3143 ex
641 3072 720 3143 acie
748 3072 918 3142 Romana
947 3072 1064 3143 exacti
1095 3070 1196 3165 ipsos
1217 3070 1574 3165 Carthaginiensium
1604 3071 1750 3165 equites
1780 3072 1811 3142 in
1842 3071 1974 3143 dextro
2003 3098 2122 3143 cornu

225 3231 396 3279 unacum
417 3205 547 3278 Laelio
568 3207 601 3277 in
630 3207 753 3303 lugam
782 3205 990 3276 vertissent.
1008 3248 1057 3257 -
1088 3205 1159 3296 Qui
1195 3205 1326 3276 lactum
1355 3206 1420 3283 sit,
1451 3223 1488 3276 ut
1517 3222 1709 3301 tantopere
1740 3206 1826 3301 dno,
1843 3204 1889 3276 illi
1919 3207 2125 3299 scriptores

228 3343 320 3413 inter
348 3368 390 3414 se
420 3340 637 3428 dissideant,
666 3339 775 3436 plane
805 3365 1029 3435 cognosces
1061 3339 1090 3409 si
1119 3339 1188 3411 hos
1217 3340 1311 3410 dnos
1341 3338 1442 3411 locos
1471 3366 1612 3412 mecum
1643 3341 1935 3434 comparaveris:

510 3474 586 3548 Por.
616 3474 704 3565 1111,
738 3501 769 3546 c.
806 3497 864 3546 12.
1464 3474 1541 3546 nn.
1572 3474 1695 3561 xxx
1725 3500 1755 3547 e.
1790 3497 1850 3565 33.

226 3610 274 3689 τνί
302 3601 335 3687 dl·
361 3607 488 3697 λοιποὶ,
521 3603 747 3710 euphenium
784 3622 852 3685 τοῖς
886 3609 952 3685 τῶν
974 3606 1150 3706 Ῥωμαίων-
1196 3634 1313 3702 pauca
1344 3625 1466 3681 tamen
1500 3608 1704 3703 intrepidae
1743 3609 1942 3679 bestiarum
1981 3607 2019 3678 in
2050 3609 2126 3681 ho·

226 3736 494 3840 γροσφομνὶχονς
513 3746 542 3817 ἐν
570 3773 618 3846 τῳ
648 3730 785 3835 μεταξύ
810 3744 923 3843 χωρίῳ
951 3739 1016 3812 τῶν
1035 3769 1150 3835 παροι-
1198 3759 1307 3814 stem
1337 3760 1442 3814 actae
1473 3743 1565 3815 inter
1585 3743 1732 3816 velitum
1754 3742 1902 3812 ordines
1922 3767 2003 3811 cum
2035 3740 2125 3812 mul-

227 3863 380 3964 τάξεων,
441 3868 593 3948 πολλοὶ
647 3869 720 3967 μὲν
778 3867 960 3959 ἔπασχε
1017 3858 1151 3951 κακοί,
1198 3877 1242 3946 tis
1273 3877 1346 3947 suis
1390 3875 1597 3949 vulneribus
1633 3878 1865 3971 ingentem
1911 3891 2125 3972 stragem

226 3998 382 4079 πολλοὶ
418 3991 597 4076 d't'mier
625 3994 927 4072 ὑπεναντίους·
1198 4012 1418 4083 edebant,

443 4167 643 4238 Manitesto
662 4163 844 4257 interpres
873 4158 957 4232 illud
979 4159 1117 4255 Polybii
1147 4163 1282 4250 „maol
1310 4156 1338 4240 l‘
1364 4169 1464 4241 §mla
1493 4165 1735 4244 imparata&
1764 4206 1814 4215 —-
1844 4163 1880 4233 id
1910 4162 2011 4256 qnod
2042 4163 2124 4235 sine

232 4299 344 4370 dnbio
382 4298 431 4370 ad
459 4299 648 4371 Romanos
684 4311 828 4392 spectat
842 4292 873 4388 *l
904 4340 954 4348 -
991 4293 1084 4367 salso
1120 4295 1153 4366 in
1183 4293 1510 4386 Carthaginienses
1549 4296 1761 4369 translatum
1791 4298 1921 4370 Latine
1958 4297 2127 4373 reddidit

231 4459 299 4530 per
333 4435 467 4511 verba:
501 4434 556 4506 »in
589 4434 735 4506 hostem
765 4477 816 4486 --
845 4476 895 4485 -
925 4433 1112 4530 ingentem
1142 4446 1306 4527 stragem
1336 4428 1534 4500 edebant«
1595 4431 1680 4523 Quo
1710 4458 1835 4504 errore
1865 4432 2032 4504 inductus
2062 4432 2124 4505 ille

233 4570 406 4665 quoniam
440 4593 563 4664 neque
593 4568 682 4639 Livii
717 4592 841 4662 neque
871 4565 960 4639 alius
989 4567 1218 4662 cujusquam,
1248 4565 1282 4637 ni
1311 4561 1425 4652 lallor,
1455 4563 1610 4636 Romani
1640 4567 1825 4661 scriptoris
1855 4567 1911 4652 sit,
1942 4567 2124 4641 Romanis

234 4730 367 4778 nomen
395 4704 555 4776 hostium
583 4702 784 4799 imponere,
814 4716 928 4774 totam
957 4727 1035 4774 rem
1064 4698 1124 4773 illa
1152 4701 1291 4774 ratione
1321 4699 1493 4772 confudit.

447 4839 557 4934 Quae
581 4837 780 4925 hactenus,
810 4862 890 4909 cum
919 4836 1020 4908 haud
1045 4860 1163 4935 pauca
1190 4835 1349 4934 vestigia
1376 4835 1672 4931 indagaverimus
1688 4836 1846 4926 indubia,
1878 4837 2009 4931 quibus
2040 4862 2125 4909 sen·

237 4974 349 5047 tentia
383 4991 509 5047 nostra
543 4972 732 5045 Livianam
767 4972 1014 5046 narrationem
1051 4998 1171 5046 rernm
1209 4998 1231 5045 a
1266 4969 1438 5067 Scipione
1467 4970 1609 5066 majore
1646 4972 1680 5041 in
1710 4971 1833 5047 Africa
1868 4987 2060 5067 gestarum
2101 4999 2124 5044 e

237 5143 361 5155 --——-

449 5215 476 5298 *)
499 5215 708 5296 PolybiuS,
735 5236 806 5296 cap.
837 5232 872 5277 12
897 5214 1094 5297 compluries
1119 5224 1313 5281 ὑπννανινυνς
1338 5210 1492 5274 intellexit
1514 5212 1691 5276 Romanos
