4364 5858
1153 310 1194 361 10

224 509 321 582 omni
359 506 524 604 equitatu
552 506 803 581 Saturnalibus
838 508 962 603 primis
991 532 1127 605 agmen
1155 506 1354 579 Verminae
1384 505 1615 603 adgressa«,
1645 502 1746 599 quod
1775 529 1925 598 prorsus
1954 500 2114 575 alienum

226 668 249 715 a
276 640 430 739 Polybio
459 668 546 715 esse
575 642 657 737 quis
686 641 834 736 estqui
863 644 996 739 neget?

438 775 539 847 Idem
580 774 629 847 de
670 775 740 846 hoc
783 772 876 863 loc0,
919 800 1031 871 quem
1073 774 1171 870 apud
1201 775 1340 846 Livium
1383 771 1422 862 (l.
1452 772 1576 861 XXX,
1615 798 1646 845 c.
1678 795 1739 864 33,
1773 780 1810 867 2)
1838 771 2010 868 leginms,
2042 770 2116 843 dici

226 924 369 1005 potest:
404 906 593 981 »Laelium
614 954 664 963 -
680 954 747 997 -,
768 910 871 1005 cujus
891 926 976 982 ante
997 908 1122 1007 legati,
1145 933 1191 980 eo
1220 933 1315 980 anno
1345 906 1554 1001 quaestoris
1583 910 1688 977 extra
1716 922 1855 977 sortem
1884 932 1931 978 ex
1962 919 2116 977 senatus

228 1042 393 1116 consulto
421 1068 539 1138 opera
566 1044 773 1117 utebatur«.

438 1177 635 1273 Permagni
675 1193 799 1249 autem
836 1177 1009 1249 momenti
1047 1194 1117 1266 est,
1147 1177 1247 1272 quod
1276 1177 1376 1272 apud
1405 1176 1482 1248 Liv.
1512 1173 1573 1247 lib.
1603 1174 1726 1259 XXX,
1758 1199 1839 1269 cap.
1872 1196 1918 1266 33
1949 1172 2109 1269 legionis

225 1309 492 1383 Macedonicae
522 1310 556 1382 in
585 1310 663 1382 acie
693 1307 908 1382 Hannibalis
951 1311 1147 1383 instructae
1176 1309 1394 1399 mendosa,
1424 1309 1473 1381 de
1503 1309 1638 1380 eadem
1668 1306 1814 1403 legione
1845 1307 1943 1401 apud
1973 1306 2115 1378 Livium

229 1444 252 1519 l.
272 1444 397 1533 XXX,
426 1470 508 1539 cap.
542 1450 588 1515 26
610 1460 648 1515 et
673 1470 753 1539 cap.
785 1467 832 1534 42
864 1445 994 1541 agitur,
1025 1470 1136 1540 quam
1158 1444 1329 1540 Polybius
1359 1470 1539 1539 nusquam
1567 1457 1843 1514 commemorat.
1901 1441 2004 1513 llanc
2035 1468 2116 1513 rem

230 1595 357 1651 natura
393 1604 460 1651 sua
488 1595 699 1673 suspectam
728 1578 864 1649 Nissen
893 1594 1054 1673 (praesta
1084 1606 1107 1674 p
1144 1602 1211 1669 ¹23
1242 1578 1379 1673 optime
1409 1576 1674 1649 demonstrauit
1702 1602 1723 1648 a
1753 1574 1905 1670 Polybio
1933 1602 2004 1647 non
2034 1577 2116 1648 sine

226 1712 321 1785 iusta
357 1738 471 1785 causa
516 1713 840 1807 praetermissam,
871 1713 918 1783 ab
956 1713 1177 1785 adversariis
1215 1729 1337 1785 autem
1367 1712 1531 1806 Philippi,
1572 1713 1592 1783 i.
1630 1738 1664 1785 e.
1694 1711 1742 1782 ab
1771 1728 1901 1782 senatu
1930 1710 2115 1791 Romano,

223 1844 343 1919 fictam
373 1863 410 1917 et
438 1847 536 1941 apud
567 1864 736 1919 auctores
765 1848 798 1919 in
829 1847 1029 1941 Philippum
1059 1849 1220 1919 infensos
1250 1846 1381 1918 lectam
1411 1864 1448 1917 et
1476 1846 1671 1939 repetitam
1700 1870 1798 1917 esse.

439 1980 638 2052 Praeterea
677 1980 770 2052 duas
810 1978 887 2052 illas
926 1982 1152 2053 narrationes
1189 1983 1415 2076 comparanti
1454 1979 1589 2052 multae
1628 1978 1721 2051 aliae
1761 1980 1908 2049 minoris
1937 1980 2115 2049 momenti

224 2113 495 2209 discrepantiae
531 2132 734 2201 occurrunt,
764 2141 858 2210 (yrias
893 2142 973 2186 cum
1003 2116 1078 2211 jam
1110 2115 1387 2187 l⁴'1·ie<le1·sdor·sl
1410 2141 1539 2186 omnes
1570 2113 1739 2201 attulerit,
1769 2113 1840 2184 lroc
1870 2112 1950 2184 loco
1980 2112 2115 2185 missas

224 2249 411 2323 iaciamus.
468 2249 609 2322 Livium
646 2266 769 2321 autem
807 2250 989 2344 ejusmodi
1027 2276 1087 2321 res
1122 2276 1243 2344 neque
1273 2249 1321 2320 de
1352 2274 1419 2320 suo
1449 2248 1588 2344 fingere
1619 2274 1739 2342 neque
1770 2246 1847 2319 aliis
1877 2274 1924 2317 es
1953 2246 2115 2317 sontibus

224 2384 368 2456 haurire
404 2381 679 2478 Polybianaque
716 2409 796 2455 cum
834 2384 1039 2455 narratione
1075 2384 1300 2479 conjungere
1337 2408 1422 2454 esse
1462 2381 1607 2453 solitum
1637 2381 1772 2452 Nissen
1812 2381 2002 2451 evidenter
2040 2379 2114 2449 ‹zvi-

223 2514 330 2612 citl)
383 2516 515 2613 Jtaque
552 2518 645 2589 haec
683 2544 799 2613 pauca
827 2544 924 2612 quae
954 2517 1166 2612 protulimus
1209 2533 1425 2613 argumenta
1453 2517 1542 2587 satis
1571 2542 1657 2586 esse
1686 2514 1813 2611 gravia
1841 2513 2018 2599 ridentur,
2049 2539 2116 2583 cur

226 2650 370 2722 Livium
408 2651 442 2722 in
480 2649 571 2723 libro
602 2652 716 2722 XXX
759 2652 1017 2746 componendo
1056 2678 1127 2722 non
1156 2650 1343 2745 Polybium
1383 2649 1624 2742 exscripsisse
1661 2648 1938 2719 contendanurs.
2002 2647 2113 2718 Unde

224 2810 305 2855 cum
343 2783 571 2879 exploratum
609 2786 827 2871 habeamus,
858 2786 996 2856 livium
1034 2786 1153 2857 omnia
1192 2810 1289 2880 quae
1328 2784 1376 2855 ad
1415 2809 1475 2856 res
1510 2809 1532 2854 a
1561 2783 1732 2877 Scipirme
1763 2783 1795 2852 in
1825 2782 1950 2852 Africa
1977 2800 2112 2875 gestas

226 2919 419 3013 pertinent,
456 2946 504 2989 ex
538 2944 609 2990 uno
638 2919 848 3015 eodemque
876 2920 1045 2992 lrausisse
1076 2920 1187 3007 sonte,
1218 2917 1322 2990 lacile
1352 2934 1519 3013 apparet,
1551 2943 1634 2990 eum
1665 2942 1709 2987 ne
1739 2942 1785 2987 ea
1815 2915 1977 3008 (pridem,
2009 2942 2112 3008 quae

224 3051 259 3124 in
288 3051 378 3124 libro
405 3052 542 3123 XXIX.
566 3053 613 3124 de
644 3054 754 3124 rebus
785 3052 915 3123 rllricis
945 3052 1143 3141 traduntur,
1174 3053 1234 3124 uni·
1252 3052 1408 3147 Polybio
1434 3052 1575 3123 debere
1606 3052 1755 3123 auctori.
1786 3095 1835 3103 —-
1853 3052 1969 3122 Necte
2000 3050 2113 3144 igitur

225 3187 286 3281 qui
324 3186 373 3257 ab
410 3184 476 3257 illis
505 3186 664 3257 Nissenii
700 3185 748 3257 de
785 3211 927 3281 genere
963 3187 1143 3258 scribendi
1176 3187 1325 3257 Liuiano
1359 3186 1504 3282 judiciis
1539 3186 1724 3280 proiectus
1759 3185 1852 3255 daras
1881 3181 1959 3254 illas
1989 3209 2112 3254 marra-

227 3321 345 3393 tiones
365 3321 458 3392 inter
476 3346 519 3392 se
539 3320 817 3414 comparaverit,
839 3346 969 3390 omnes
999 3317 1077 3392 illos
1107 3347 1253 3392 errasse
1284 3319 1485 3417 intelleget,
1516 3320 1576 3414 qtri
1608 3318 1721 3391 fallaci
1752 3346 1870 3390 rerum
1901 3318 2113 3389 rerlmrum-

224 3479 297 3549 que
333 3452 561 3527 similitudine
591 3454 738 3548 decepti
760 3452 899 3524 livium
924 3455 1002 3548 jam
1031 3479 1053 3526 a
1081 3455 1204 3548 primis
1234 3455 1276 3525 lll
1306 3454 1459 3526 decadis
1488 3452 1585 3525 libris
1618 3453 1665 3523 ad
1702 3451 1888 3546 Polybium
1920 3470 2110 3521 auctorem

226 3613 313 3660 sese
347 3586 568 3684 applicuisse
602 3603 773 3685 putarunt
805 3602 844 3659 et
877 3587 937 3682 qui
968 3613 1014 3659 ea
1043 3588 1212 3681 opinione
1242 3589 1336 3682 capti
1367 3588 1470 3682 quasi
1501 3587 1634 3659 eadem
1666 3586 1768 3674 ratio,
1812 3611 1909 3679 (luae.
1948 3586 1980 3654 in
2011 3583 2111 3655 libris

222 3720 311 3793 XXl
353 3738 392 3792 et
432 3720 536 3793 XXll
565 3722 667 3793 Livio
709 3747 790 3793 cum
833 3719 986 3816 Polybio
1028 3722 1242 3809 intercedat,
1287 3722 1319 3792 in
1368 3723 1501 3793 ceteris
1549 3748 1696 3816 (pioque
1741 3718 1906 3789 eiusdem
1951 3718 2108 3789 decadis

222 3852 321 3927 libris
363 3856 578 3942 inveniatur,
621 3854 847 3927 contendere
890 3856 966 3925 ausi
1010 3870 1103 3939 sunt,
1142 3855 1279 3926 livium
1323 3883 1389 3950 per
1432 3874 1544 3928 totam
1584 3855 1765 3927 decadem
1810 3854 1852 3923 lll
1888 3877 1909 3923 a
1953 3851 2108 3945 Polybio

224 3989 403 4083 pendere.

439 4121 551 4215 Quod
571 4123 700 4195 attinet
719 4124 766 4194 ad
788 4122 939 4195 alteram
970 4124 1048 4194 eius
1077 4122 1255 4217 opinionis
1284 4150 1393 4217 ‹pmm
1429 4124 1563 4195 Nissen
1594 4139 1632 4193 et
1652 4120 1927 4192 Friedersdorff
1951 4119 2109 4213 professi

227 4272 310 4329 sunt
335 4271 491 4351 partem,
522 4257 645 4328 lacere
665 4283 736 4329 non
765 4283 928 4351 possum,
959 4257 1043 4353 <prin
1072 4282 1093 4329 a
1122 4257 1205 4328 viris
1235 4257 1453 4327 doctissimis
1484 4257 1719 4342 dissentiam,
1748 4254 1983 4325 coruleudunt
2011 4255 2109 4323 enim

226 4387 284 4463 illi:
314 4389 493 4462 communi
515 4388 614 4462 sonte
642 4408 834 4487 utrumque
860 4391 1074 4485 scriptorem
1103 4417 1171 4485 pro
1190 4416 1258 4463 suo
1288 4417 1475 4485 sptemque
1501 4389 1682 4461 scribendi
1702 4414 1844 4485 genere
1875 4413 1976 4456 usum
2007 4412 2111 4459 esse.

228 4523 373 4595 Etenim
401 4520 574 4594 lectitanti
604 4522 687 4595 milri
717 4524 888 4596 Livianas
916 4550 1035 4597 rerum
1064 4525 1244 4618 Scipionis
1274 4525 1499 4596 narrationes
1528 4523 1829 4616 comparantique
1859 4547 1938 4592 cum
1970 4519 2110 4613 Polybii

228 4668 334 4753 quae
355 4672 497 4729 restant
525 4656 739 4754 fragmentis
770 4658 806 4755 (l.
837 4657 925 4728 XlV
953 4674 992 4730 et
1019 4657 1105 4752 XV)
1146 4655 1242 4729 nullo
1274 4658 1386 4728 morlo
1415 4656 1631 4756 persuaderi
1661 4656 1792 4750 potuit,
1832 4671 1932 4725 recte
1963 4668 2109 4724 senten-

228 4790 313 4862 tiam
343 4788 482 4862 illorum
512 4815 553 4861 se
582 4790 742 4863 habere:
780 4792 998 4891 praesertim
1027 4817 1106 4863 cmn
1140 4791 1234 4863 inter
1261 4808 1409 4865 veteres
1440 4791 1686 4862 Romanorum
1715 4788 1908 4859 historicos
1943 4812 1987 4857 ue
2018 4812 2111 4857 unus

229 4922 379 5019 quidem
408 4938 508 4997 tanta
535 4924 693 4995 omnium
735 4950 854 4997 rerum
898 4940 937 4996 et
963 4926 1210 4996 Romanarum
1253 4942 1291 4997 et
1318 4927 1531 4997 Punicarum
1573 4941 1611 4995 et
1639 4922 1928 4997 Numidicarum.
1973 4920 2111 4993 deinde

447 5222 477 5291 »y
502 5211 616 5271 Nissen
640 5231 713 5272 cum
739 5212 807 5272 aliis
831 5213 908 5274 locis
932 5224 999 5274 unu
1025 5216 1167 5275 maxime
1191 5236 1260 5295 cap.
1288 5216 1321 5277 ll.
1351 5254 1399 5276 --.
