4364 5858
948 1359 1118 1486 Pars
1165 1358 1219 1487 Ι.

355 1669 540 1742 Auctores
569 1694 690 1743 rerum
711 1697 732 1741 a
751 1671 925 1765 Scipione
955 1672 1097 1767 majore
1127 1672 1163 1742 in
1192 1670 1316 1743 Africa
1344 1688 1538 1768 gestarum
1568 1668 1603 1741 in
1631 1666 1754 1761 primis
1783 1683 1867 1740 sunt
1895 1666 2028 1753 Livius,
2056 1654 2060 1665 ¹
2105 1670 2109 1677 '

142 1807 328 1901 Polybius,
368 1807 571 1903 AppianuS,
607 1830 761 1903 quorum
799 1805 921 1878 Livius
957 1821 996 1878 et
1034 1802 1205 1901 Polybius
1240 1807 1397 1878 maxime
1433 1806 1527 1877 inter
1554 1830 1596 1876 se
1626 1802 1819 1876 convenire
1850 1803 2028 1892 videntur,

141 1940 340 2038 Appianus
369 1914 493 2014 autem
523 1967 604 2013 cum
633 1938 711 2013 aliis
747 1940 904 2012 lontibus
942 1941 1060 2036 iisque
1099 1941 1245 2013 omnino
1280 1937 1350 2014 alia
1388 1941 1529 2014 ratione
1563 1965 1650 2013 usus
1687 1933 1781 2035 sit*),
1811 1934 1943 2012 multas
1971 1964 2032 2013 res
2147 1924 2153 1933 ⁸

141 2076 265 2163 tradit,
296 2102 392 2173 quae
422 2076 573 2172 quidem
603 2076 701 2174 apud
730 2074 810 2149 illo's
839 2072 1162 2173 desiderartttrr**),
1192 2075 1261 2148 sed
1290 2090 1397 2148 caute
1428 2074 1666 2173 accipiendae
1696 2091 1789 2149 sunt.
2019 2170 2025 2177 Ι

357 2212 447 2284 Livii
481 2238 571 2285 vero
612 2228 651 2284 et
684 2213 845 2309 Appiani
878 2213 926 2285 de
969 2208 1069 2285 bello
1103 2212 1237 2285 Punico
1265 2211 1429 2286 secundo
1465 2208 1545 2284 libri
1585 2239 1664 2285 cum
1702 2212 1833 2309 integri
1871 2227 2030 2299 exstent,

144 2346 333 2442 Polybiani
363 2365 487 2421 tamen
515 2350 639 2444 operis
668 2375 810 2444 paucae
831 2349 880 2421 ad
900 2365 1062 2421 nostram
1082 2365 1248 2420 aetatem
1269 2361 1515 2444 pervenerunt
1533 2344 1722 2442 reliquiae.
1753 2344 2033 2419 Verumtamen

144 2483 354 2578 fragmenta
383 2482 584 2578 Polybiana
613 2483 661 2555 ad
690 2510 751 2556 res
780 2510 803 2556 a
831 2482 1003 2579 Scipione
1033 2482 1069 2555 in
1097 2481 1223 2554 Africa
1255 2498 1385 2576 gestas
1412 2481 1635 2585 pertinentia
1664 2481 1754 2553 satis
1782 2498 1865 2553 sunt
1892 2481 2032 2576 gravia,

145 2642 244 2711 quae
283 2644 364 2689 cum
400 2618 558 2690 Liuianis
601 2619 753 2716 integris
791 2615 890 2690 libris
931 2616 1056 2688 XXIX
1093 2631 1132 2690 et
1163 2616 1275 2688 XXX
1316 2617 1471 2689 conferri
1513 2615 1665 2712 possint.
1704 2658 1755 2669 —-
1796 2615 1897 2710 Jnter
1935 2641 2033 2710 quae

145 2751 354 2847 fragmenta
387 2751 484 2848 (libb.
513 2752 601 2824 XIV
631 2768 669 2825 et
697 2753 780 2848 XV)
804 2770 843 2824 et
868 2752 1057 2824 Livianam
1085 2752 1329 2824 narrationem
1358 2751 1588 2824 intercedere
1610 2795 1656 2804 -
1680 2750 1717 2823 id
1738 2750 1839 2846 quod
1867 2747 2034 2822 facillime

145 2884 311 2982 intellegi
341 2902 535 2983 potest—
572 2913 747 2984 magnam
776 2885 1046 2959 similitudinem
1081 2887 1129 2958 ab
1166 2886 1332 2960 omnibus
1371 2902 1430 2958 est
1463 2911 1702 2975 concessum,
1740 2910 1883 2957 summa
1911 2899 2036 2957 autem

146 3021 200 3092 rei
229 3038 399 3094 versatur
426 3023 461 3093 in
489 3022 705 3118 inquirenda
734 3048 776 3095 ac
802 3020 1003 3119 judicanda
1033 3023 1171 3095 ratione
1202 3023 1284 3118 ejus
1312 3021 1553 3119 cognationis.

361 3159 541 3230 Homines
587 3158 683 3231 docti
731 3175 816 3230 ante
863 3157 1101 3229 Niebuhrium
1148 3157 1210 3252 qui
1256 3174 1362 3231 erant
1407 3182 1475 3252 pro
1509 3175 1614 3230 certo
1660 3155 1864 3239 habebant,
1904 3179 2034 3226 omnes

148 3292 287 3364 Liuiani
316 3293 441 3388 operis
470 3310 605 3388 partes,
635 3318 732 3388 quae
761 3319 841 3365 cum
871 3289 1023 3386 Polybio
1052 3291 1310 3378 consentirent,
1340 3318 1363 3364 a
1383 3291 1487 3363 Livio
1516 3318 1604 3363 esse
1633 3290 1848 3384 desumptas
1877 3315 1925 3360 ex
1953 3289 2035 3382 ipso

151 3423 391 3520 Polybio***).
436 3426 588 3498 Rectius
617 3425 766 3521 quidem
796 3451 906 3521 quam
936 3426 1078 3521 priores
1106 3425 1272 3497 Niebuhr
1297 3424 1473 3521 judicavit
1499 3425 1548 3497 de
1578 3426 1719 3497 ratione
1749 3450 1822 3520 qua
1851 3424 1973 3494 Livius
2003 3423 2037 3495 In

149 3559 248 3631 libris
281 3560 515 3632 historiarum
549 3560 823 3633 conseribendis
858 3587 947 3632 usus
984 3560 1030 3631 sit
1072 3559 1274 3654 Polybiano
1317 3584 1454 3656 opere,
1502 3585 1584 3630 cum
1621 3560 1733 3632 dicat:
1781 3558 1926 3630 »Livius
1963 3573 2038 3630 tum

151 3695 300 3767 demum
330 3721 411 3766 cum
441 3695 489 3767 de
520 3694 631 3767 rebus
660 3692 825 3789 Philippi,
855 3695 955 3791 regis
984 3694 1230 3767 Macedonum
1260 3693 1421 3766 dicturus
1451 3709 1566 3779 esset,
1596 3691 1785 3789 Polybium
1815 3691 1976 3781 adiitdl.

365 3828 443 3902 Sed
463 3829 555 3901 hanc
576 3854 687 3924 quam
717 3829 905 3925 ingressus
935 3843 993 3900 est
1012 3828 1178 3900 Niebuhr
1192 3828 1290 3901 viam
1306 3826 1515 3924 relinquere
1545 3827 1772 3922 posteriores
1800 3842 2039 3913 maturarunt,

152 3992 307 4061 quorum
354 3963 519 4062 plerique
568 3964 840 4038 Lachmannum
887 3965 1003 4036 secuti
1050 3979 1143 4052 sunt,
1191 3963 1253 4059 qui
1289 3964 1424 4058 primus
1461 3989 1601 4037 summa
1638 3989 1719 4034 cum
1766 3961 1955 4061 diligentia
1991 3989 2034 4036 ac

152 4100 350 4174 subtilitate
378 4103 412 4173 in
441 4102 561 4173 sontes
589 4101 739 4197 majoris
761 4100 898 4173 Liviani
918 4101 1042 4194 operis
1062 4101 1176 4194 partis
1203 4099 1383 4194 inquisivit
1410 4099 1665 4195 rationemque
1686 4115 1849 4173 statuere
1879 4115 2033 4173 conatus

155 4254 224 4323 est,
256 4263 329 4330 qua
359 4236 481 4308 Livius
511 4237 544 4308 in
572 4235 670 4308 libris
698 4236 789 4307 XXI
818 4253 857 4309 et
883 4234 985 4307 XXII
1014 4234 1087 4305 suis
1118 4234 1275 4308 lontibus
1304 4261 1390 4307 usus
1419 4236 1474 4309 sit.

370 4370 428 4442 Ac
460 4371 514 4441 vir
555 4369 613 4443 ille
654 4371 785 4442 doetus
832 4371 971 4442 Livium
1012 4369 1097 4441 inde
1133 4395 1155 4441 a
1192 4369 1315 4464 primis
1358 4369 1511 4443 decadis
1549 4371 1680 4444 tertiae
1716 4368 1814 4442 libris
1851 4368 2041 4464 Polybium

156 4518 319 4579 secutum
351 4533 436 4578 esse
467 4505 604 4577 sontem
634 4486 868 4602 principalem
899 4507 1058 4601 probare
1083 4503 1219 4576 studuit
1247 4518 1359 4599 atque
1388 4502 1520 4577 multas
1549 4505 1627 4577 eius
1657 4524 1783 4602 partes
1812 4505 1860 4578 ad
1889 4505 2041 4578 verbum

371 4802 396 4881 ²⁵²)
421 4800 469 4860 De
495 4799 638 4879 Appiani
670 4818 788 4877 genere
820 4797 978 4860 scribendi
1012 4798 1073 4863 clr:
1104 4798 1271 4867 Nissen,
1304 4796 1520 4877 Quaestiones
1544 4798 1688 4869 criticae,
1714 4807 1786 4861 cet..
1816 4797 1920 4858 Berlin
1949 4798 2040 4876 1863.

428 4907 469 4967 Cu
498 4958 503 4971 .
528 4907 582 4967 VI.
611 4943 650 4950 —

363 5014 408 5093 *Il
432 4926 580 5086 hiller,
607 5014 724 5076 bellum
749 5014 906 5077 Punicum
930 5015 1127 5080 secuudum:
1151 5013 1253 5078 Marb.
1284 5016 1373 5093 1875.
1400 5032 1472 5093 cap.
1498 5013 1534 5074 II.
1560 5051 1602 5061 -

353 5121 412 5204 ***)
435 5119 498 5182 CIr.
524 5120 684 5197 Nissen,
710 5124 727 5185 Ι.
753 5146 779 5187 c.
806 5146 880 5207 pag.
907 5126 1046 5204 76-77,
1072 5133 1105 5184 ct
1135 5121 1380 5193 Lachmann,
1413 5122 1454 5185 de
1479 5120 1620 5185 fontibus
1642 5121 1849 5186 historiarum
1870 5122 1936 5185 Titi
1959 5122 2042 5186 Livi.

382 5236 416 5312 l)
440 5222 644 5307 Niebuhr,
669 5232 796 5297 scholas
820 5234 861 5295 de
885 5231 957 5295 hist.
982 5232 1120 5294 Roman.
1145 5228 1282 5305 habitas,
1308 5229 1349 5294 ed
1373 5228 1526 5304 Schmitz,
1551 5250 1626 5313 pag.
1652 5233 1703 5309 84.
