4364 5858
1088 352 1127 414 19

163 550 313 621 Gracco
335 549 445 631 sonte,
472 546 610 617 scilicet
630 573 650 617 e
673 545 826 640 Polybio
846 545 1025 641 originem
1046 541 1182 616 ducere
1204 544 1334 632 nititur,
1356 571 1512 641 cumque
1533 545 1637 640 plura
1656 547 1727 617 hoc
1747 543 1829 618 loco
1849 572 2048 621 recensere

163 709 234 756 non
263 697 561 779 argumentorum
590 679 659 751 sed
688 679 795 775 spatii
811 679 867 750 nis
888 679 1166 774 quaestionibus
1196 680 1363 751 concessi
1380 679 1501 775 inopia
1521 680 1625 753 nobis
1646 679 1901 754 desistendum
1922 682 1978 756 sit.
2000 728 2051 736 -

273 867 279 881 ι
375 816 562 890 Gravioris
599 815 773 887 momenti
809 814 953 886 videtur
991 814 1136 885 tertium
1165 814 1324 888 Nissenii
1358 829 1626 911 argumentum,
1659 816 1758 913 quod
1787 841 1900 912 supra
1927 817 2052 912 paucis
2113 793 2115 798 .

160 955 281 1025 verbis
307 952 563 1047 exposuimus,
594 950 679 1022 dicit
698 949 793 1022 enim
810 949 863 1020 vir
890 946 948 1020 ille
979 948 1254 1046 sagacissimus
1277 947 1379 1020 Livio
1408 947 1541 1021 nullam
1569 974 1719 1045 prorsus
1748 976 1896 1023 causam
1926 949 2051 1041 luisse,

160 1114 222 1159 cur
242 1087 478 1182 Polybianam
499 1083 715 1158 relationem
737 1082 925 1157 annalibus
945 1097 1105 1156 mutaret
1124 1097 1186 1156 aut
1200 1081 1448 1180 amplificaret,
1470 1087 1688 1179 praesertim
1704 1113 1785 1159 cum
1813 1087 1882 1162 hac
1911 1087 2051 1161 ratione

159 1250 230 1296 non
260 1221 377 1296 solum
407 1247 478 1294 non
507 1222 712 1318 corrigeret
740 1246 843 1293 suum
873 1220 1023 1306 iontem,
1055 1220 1124 1295 sed
1154 1219 1264 1291 etiam
1294 1218 1528 1314 depravaret.

373 1357 533 1428 Tantum
568 1357 678 1430 abest
705 1372 743 1427 ut
771 1356 805 1426 in
834 1355 1040 1426 universum
1070 1352 1251 1461 alitcrlde
1272 1354 1424 1426 Liviano
1453 1355 1636 1428 scribendi
1664 1383 1806 1454 genere
1836 1359 2049 1450 sentiamus,

160 1510 198 1564 ut
233 1518 300 1565 nos
329 1493 396 1587 ipsi
426 1491 550 1564 conlisi
578 1490 644 1563 illis
678 1491 837 1563 Nissenii
867 1489 1093 1586 argumentis
1126 1489 1266 1560 Livium
1295 1489 1412 1586 ipsum
1442 1491 1656 1564 memoriam
1686 1517 1806 1565 rerum
1836 1492 2049 1589 aScipione

159 1630 301 1724 majore
331 1628 364 1698 in
394 1626 518 1698 Africa
546 1642 735 1723 gestarum
765 1625 910 1697 minime
941 1650 962 1696 e
992 1622 1145 1719 Polybio
1174 1624 1357 1718 repetisse
1387 1651 1498 1720 supra
1526 1627 1770 1700 statuerimus.
1828 1627 1921 1699 Cum
1951 1628 2047 1701 enim

160 1751 320 1834 Niss'euii
364 1762 642 1856 ‹praestionibus
686 1774 913 1856 compertam
954 1760 1158 1831 habeamus
1197 1758 1387 1848 rationem,
1424 1785 1498 1855 qua
1531 1760 1654 1833 Livius
1689 1762 1722 1833 in
1759 1761 1964 1836 decadibus
1999 1762 2048 1835 lV

158 1914 196 1969 et
226 1897 260 1967 V
291 1897 447 1968 lontibus
478 1897 552 1967 suis
595 1923 681 1968 usus
711 1897 757 1969 sit
785 1921 827 1968 ac
857 1894 1094 1991 Polybianam
1124 1893 1327 1967 orationem
1356 1894 1486 1968 Latine
1516 1894 1737 1984 reddiderit,
1768 1922 1926 1993 cumque
1963 1923 2047 1972 eam

146 2057 305 2127 ,prorsus
335 2030 490 2103 alienam
520 2056 606 2102 esse
636 2029 917 2127 cognoverimus
947 2030 994 2101 ab
1029 2055 1076 2100 ea
1108 2029 1247 2101 ratione
1282 2054 1392 2127 quam
1428 2030 1520 2102 inter
1557 2030 1746 2126 Polybium
1775 2048 1814 2103 et
1842 2032 1982 2104 Livium
2010 2036 2044 2106 in

156 2168 268 2238 rebus
297 2166 476 2261 Scipionis
506 2165 696 2237 narrandis
724 2163 1015 2236 intercedentem
1044 2163 1210 2250 vidimus,
1245 2165 1385 2259 optimo
1416 2165 1498 2260 jure
1534 2165 1649 2237 secuti
1686 2191 1810 2238 sumus
1840 2163 1936 2240 illam
1965 2194 2045 2240 sen-

119 2360 125 2368 .
156 2296 324 2390 tentiam,
355 2299 492 2373 scilicet
511 2299 651 2370 Livium
680 2300 798 2394 ipsum
827 2299 860 2369 in
891 2297 1126 2392 expeditione
1148 2296 1271 2370 Alrica
1299 2297 1566 2371 conscribenda
1596 2298 1799 2395 Polybiano
1828 2324 1943 2396 opere
1972 2327 2043 2375 non

155 2463 260 2511 usum
290 2462 388 2508 esse.
454 2435 569 2506 ineo
602 2450 725 2505 autem
762 2433 953 2513 Nissenius
991 2431 1133 2528 longius
1166 2457 1388 2528 progressus
1426 2461 1512 2507 esse
1548 2433 1712 2525 videtur,
1758 2435 1858 2532 quod
1902 2437 2044 2526 statuit,

152 2597 284 2642 omnes
326 2571 496 2665 antiquos
538 2568 792 2664 composuisse
830 2566 942 2638 libros
980 2592 1067 2638 suos
1111 2566 1246 2639 eadem
1290 2567 1448 2657 ratione,
1492 2595 1566 2664 qua
1594 2567 1718 2642 Livius
1758 2572 1792 2643 in
1841 2570 2047 2645 decadibus

151 2704 201 2775 lv
232 2721 270 2775 et
296 2705 350 2792 V,
393 2704 490 2775 uncle
533 2730 580 2798 ap
609 2708 715 2774 arere
745 2719 938 2797 utrumque
968 2701 1184 2796 scriptorem
1214 2729 1260 2774 ex
1289 2701 1426 2774 eodem
1454 2704 1624 2776 hausisse
1655 2705 1753 2778 sonte
1787 2705 1864 2801 (clr.
1895 2706 2043 2795 Nissen,

151 2839 201 2911 de
231 2865 324 2934 pace
358 2863 496 2933 aonp.
535 2863 544 2908 1
575 2898 580 2909 .
610 2837 913 2930 -Quamquam
928 2835 962 2906 in
983 2835 1188 2908 universum
1217 2836 1310 2907 haec
1339 2853 1439 2909 recte
1462 2837 1649 2933 disputata
1682 2839 1868 2927 videntur,
1898 2841 2043 2914 minime

151 2989 277 3044 tamen
305 2972 390 3043 mihi
419 2971 603 3068 persuasit
631 2971 801 3064 antiquos
830 2969 878 3041 ad
907 2993 1015 3041 unum
1044 2995 1174 3051 omnes
1203 2971 1402 3066 scriptores
1431 2975 1684 3069 composuisse
1728 2972 1840 3048 libros
1868 3001 1956 3048 suos
1986 2974 2044 3067 illa

150 3107 304 3181 ratione.
347 3153 395 3160 —
430 3105 486 3178 Ac
516 3106 669 3202 primum
712 3104 861 3199 quidem
891 3101 999 3174 aliam
1037 3101 1176 3198 Polybii
1210 3104 1321 3177 luisse
1360 3107 1539 3178 rationem
1568 3132 1591 3180 a
1619 3109 1792 3182 Nissenio
1833 3110 2045 3184 conceditur

148 3243 185 3313 in
214 3257 373 3337 quaest,
417 3269 451 3337 p.
485 3243 546 3332 85,
590 3239 649 3312 ubi
677 3239 773 3310 viam
802 3263 845 3310 ac
875 3237 1053 3309 rationem
1083 3237 1358 3329 demonstravit,
1389 3265 1486 3336 quae
1516 3241 1562 3331 ei,
1593 3245 1654 3339 qui
1682 3245 1718 3316 in
1746 3243 1866 3317 sontes
1895 3245 2043 3318 aLivio

148 3378 186 3448 in
215 3376 258 3447 lli
291 3376 435 3448 decade
472 3375 667 3447 scribenda
704 3389 902 3469 usurpatos
937 3372 1147 3467 inquireret,
1197 3391 1302 3446 esset
1329 3375 1551 3451 insistenda:
1600 3375 1796 3474 »Polybius
1838 3381 2042 3454 orationem
2099 3400 2116 3425 ·

145 3512 349 3583 communis
392 3509 483 3582 illius
513 3511 683 3582 'auctoris
720 3535 741 3581 a
770 3505 1058 3604 corruptelarum
1089 3507 1259 3580 sordibus
1297 3509 1498 3604 judicando
1533 3504 1728 3609 purgatam
1767 3540 1810 3586 ac
1837 3516 2039 3589 secundum

144 3645 311 3716 rationes
347 3645 490 3717 criticas
532 3659 737 3716 correctam
771 3643 899 3714 tradit:
944 3641 1075 3738 quibus
1116 3643 1150 3715 in
1185 3643 1354 3739 partibus
1386 3642 1558 3740 Polybius
1601 3663 1639 3718 et
1674 3647 1796 3720 Livius
1831 3649 1924 3723 inter
1951 3677 2038 3724 sese

144 3779 379 3875 discrepant,
411 3780 444 3851 in
473 3780 641 3851 omnibus
670 3805 733 3851 cur
761 3776 934 3873 Polybius
963 3778 1108 3850 mutarit
1136 3779 1310 3876 cognosci
1339 3795 1498 3873 potest«

364 3914 484 3985 Primo
513 3939 603 3985 vero
632 3940 712 3986 cum
743 3938 807 4000 ea,
839 3938 934 4011 quae
965 3910 1138 4006 Polybius
1168 3929 1206 3984 et
1233 3913 1356 3985 Livius
1385 3913 1433 3985 de
1463 3913 1574 3986 rebus
1603 3941 1625 3988 a
1649 3916 1822 4015 Scipione
1853 3918 1886 3989 in
1915 3917 2040 3993 Africa

142 4049 265 4145 gestis
294 4049 495 4120 memoriae
512 4048 767 4144 prodiderunt,
799 4048 891 4119 inter
913 4074 954 4119 se
980 4072 1253 4143 compararem,
1283 4045 1501 4145 intellegere
1530 4047 1711 4122 interdum
1731 4051 1947 4147 nequibam,
1977 4079 2041 4126 cur

143 4180 318 4277 Polybius
349 4209 451 4254 suum
482 4184 620 4254 sontem
650 4183 874 4255 correxisset
902 4199 963 4255 aut
992 4184 1174 4281 quasdam
1203 4206 1264 4255 res
1302 4207 1324 4254 a
1352 4183 1454 4255 Livio
1484 4182 1614 4257 allatas
1653 4183 1795 4257 silentio
1824 4189 2033 4282 praetermi-

141 4317 268 4388 sisset.
317 4317 413 4388 Nam
429 4332 480 4397 §tt
508 4343 616 4388 unum
646 4315 854 4412 exemplum
884 4319 1054 4427 afferam,
1085 4345 1144 4390 me
1174 4318 1320 4389 omnino
1348 4342 1419 4389 non
1448 4316 1664 4416 intellegere
1695 4320 1829 4409 fateor,
1860 4306 2035 4417 quidnam

144 4477 286 4523 causae
317 4450 472 4546 Polybio
502 4453 626 4539 suerit,
657 4476 719 4522 cur
748 4450 963 4525 indutiarum
993 4452 1099 4551 leges
1129 4478 1151 4526 a
1180 4451 1284 4525 Livio
1312 4470 1621 4526 commemoratas
1649 4456 1846 4530 omitteret.

359 4586 507 4659 Deinde
545 4587 712 4658 omnibus
752 4585 1005 4682 discrepantiis
1048 4587 1259 4683 compositis
1295 4588 1591 4684 comparatisque
1634 4613 1706 4661 non
1750 4588 1894 4662 difficile
1938 4591 2033 4664 sactu

142 4748 233 4796 esse
254 4722 358 4794 nobis
386 4722 499 4792 visum
529 4736 588 4792 est
614 4720 786 4816 probare,
817 4718 911 4793 illum
941 4739 1140 4808 auctorem,
1171 4748 1192 4794 e
1221 4747 1296 4818 quo
1315 4721 1455 4817 Polybii
1485 4723 1712 4796 narrationes
1740 4724 1774 4796 in
1803 4723 1892 4796 Livii
1920 4722 2033 4799 libros

141 4856 273 4929 XXIX
311 4872 349 4928 et
376 4856 489 4928 XXX
518 4855 706 4928 transiisse
735 4855 957 4943 viderentur,
987 4855 1177 4952 Polybium
1206 4857 1351 4929 omnino
1386 4882 1456 4929 non
1485 4859 1693 4953 corrupisse
1723 4859 1783 4946 ita,
1817 4874 1856 4931 ut
1883 4876 2033 4955 praeter

143 5018 232 5065 eum
278 4988 385 5063 alium
433 5007 620 5062 auctorem
668 5016 850 5087 eumque¹
875 4991 1082 5063 Romanum
1128 4992 1162 5062 in
1209 5014 1313 5063 usum
1361 5015 1465 5063 suum
1512 5007 1757 5081 converteret,
1805 4992 1874 5065 sed
1916 4993 2030 5066 modo

147 5124 396 5222 amplificasse
421 5127 649 5198 narrationes
683 5123 836 5220 Polybii,
873 5126 986 5199 modo
1015 5126 1234 5214 correxisse,
1269 5124 1450 5198 interdum
1485 5125 1532 5198 ad
1566 5153 1627 5200 res
1659 5127 1849 5201 Romanas
1878 5144 2029 5224 aptasse

141 5276 209 5335 aut
235 5261 351 5333 verba
379 5258 588 5357 formasque
619 5262 670 5333 sic
699 5262 924 5352 immutasse,
954 5277 993 5332 ut
1020 5276 1148 5334 natura
1174 5260 1359 5360 legesque
1389 5261 1569 5335 sermonis
1590 5260 1708 5334 Latini
1736 5277 1945 5361 poscerent.
1975 5309 2025 5319 -
