4364 5858
1012 298 1092 374 '20

128 513 239 590 Adde
275 515 375 591 haud
415 541 554 615 paucas
589 514 857 614 discrepantias
887 533 925 590 et
958 541 1071 616 posse
1101 533 1139 591 et
1171 545 1259 593 vere
1289 517 1403 592 videri
1433 518 1482 591 ita
1511 534 1611 592 ortas
1640 544 1740 606 esse,
1770 538 1808 592 ut
1837 520 2022 616 interpres

129 649 187 727 ille
230 678 378 728 sensum
421 653 617 726 verborum
660 651 889 727 Graecorum
933 679 1003 727 non
1047 654 1136 729 satis
1174 653 1354 728 interdurn
1384 669 1648 750 assequeretur
1676 671 1739 727 aut
1766 653 2045 752 interpretatio.

62 796 64 800 ’
128 787 260 861 Latina
288 787 322 861 ei
351 786 467 860 minus
496 787 725 861 succederet.

339 923 465 1021 ltaque
515 948 596 994 cum
642 922 676 994 in
712 922 863 994 Liviana
900 925 1105 1001 narratione
1144 942 1247 998 certa
1276 924 1414 1021 Polybii
1444 925 1602 997 auctoris
1630 917 1789 1020 vestigia
1819 923 2023 1020 indagave-

128 1057 250 1144 rimus,
288 1056 387 1128 haud
425 1081 610 1152 quaquam
650 1054 708 1128 illa
743 1074 960 1154 argumenta
996 1061 1101 1131 nobis
1134 1087 1220 1133 esse
1255 1061 1422 1132 videntur
1470 1058 1571 1131 firma
1609 1055 1837 1144 adminicula,
1887 1058 2024 1152 quibus

88 1246 91 1253 .
130 1191 199 1263 nixi
228 1217 458 1263 communem
488 1220 575 1264 esse
606 1192 741 1265 sontem
772 1209 987 1282 statuamus,
1018 1194 1099 1297 sed⁸
1117 1194 1354 1290 quaerendus
1382 1193 1488 1265 nobis
1517 1192 1661 1265 videtur
1689 1191 1843 1287 scriptor
1876 1189 2023 1286 aliquis,

129 1327 233 1421 cujus
270 1325 453 1398 scribendi
487 1327 578 1398 ratio
612 1353 683 1399 non
722 1327 841 1401 aliena
871 1329 977 1400 luerit
1005 1356 1027 1400 a
1056 1327 1256 1424 Polybiana
1285 1344 1323 1400 et
1352 1327 1410 1424 qui
1441 1325 1615 1399 similibus
1644 1353 1688 1399 ac
1717 1325 1889 1421 Polybius
1924 1326 2023 1397 vitae

130 1459 406 1556 studiorumque
443 1461 709 1533 conditionibus
747 1488 832 1533 usus
869 1462 922 1534 sit.
982 1458 1272 1535 Examinandunr
1301 1488 1390 1534 sane
1422 1461 1500 1547 erit,
1532 1487 1606 1557 qua
1635 1461 1774 1532 ratione
1804 1457 1862 1531 ille
1893 1475 2025 1531 auctor

132 1592 367 1689 Polybianam
397 1595 601 1669 orationem
632 1597 762 1669 Latine
792 1599 1018 1692 expresserit
1048 1614 1086 1669 et
1114 1596 1192 1669 aliis
1220 1623 1300 1668 cum
1331 1596 1489 1668 lontibus
1520 1596 1765 1693 conjunxerit,
1795 1593 1902 1667 aliani
1940 1597 2025 1690 ejus

132 1729 309 1801 rationem
341 1730 452 1803 fuisse
482 1758 525 1804 ac
555 1731 643 1802 Livii
673 1732 707 1803 in
736 1732 940 1804 decadibus
969 1732 1017 1803 lV
1047 1748 1085 1804 et
1114 1732 1148 1802 V
1177 1732 1442 1827 componendis
1471 1731 1569 1803 haud
1599 1730 1781 1828 ignorabit
1816 1730 2025 1826 quicunque

133 1890 206 1959 qua
227 1865 365 1936 ratione
388 1865 510 1938 Livius
530 1866 642 1938 libros
663 1867 845 1939 decadum
866 1867 914 1938 lV
936 1885 974 1940 et
995 1868 1028 1936 V
1049 1868 1296 1963 composuerit
1317 1866 1475 1937 Nisscnii
1496 1866 1773 1961 ‹praestionibus
1792 1881 2025 1959 compertum

132 1998 310 2071 habuerit.
374 2000 452 2071 Sed
482 2001 690 2098 priusquam
720 2001 768 2072 de
799 2002 938 2074 ratione
969 2003 1049 2098 ipsa
1078 2028 1150 2100 qua
1188 2000 1244 2073 ille
1282 2001 1370 2073 Livii
1400 2017 1526 2074 auctor
1556 1998 1756 2095 Polybiano
1785 2024 1901 2094 opere
1932 2024 2023 2069 usus

135 2133 191 2220 sit,
231 2131 333 2227 plura
370 2134 546 2223 dicanms,
583 2137 836 2234 quaerendum
875 2139 978 2209 nobis
1013 2139 1127 2209 visum
1163 2153 1232 2224 est,
1263 2136 1428 2234 quisnam
1458 2135 1563 2206 inerit
1592 2150 1729 2219 auctor,
1760 2132 1859 2230 quod
1889 2158 2026 2204 nomen

134 2268 314 2355 habuerit,
336 2271 466 2368 quibus
495 2298 541 2344 ex
571 2272 728 2345 lontibus
754 2274 929 2348 hauserit.
986 2273 1094 2368 Quae
1126 2272 1155 2344 si
1184 2297 1315 2345 cruere
1345 2271 1551 2369 contigerit,
1581 2270 1661 2341 huic
1691 2267 1897 2369 quaestioni
1925 2266 2030 2340 haud

135 2430 250 2503 parvo
279 2405 494 2505 adjumento
524 2425 640 2483 erunt.

905 2982 1074 3107 Pars
1141 2980 1260 3110 lll.

353 3207 522 3280 Omnium
566 3209 623 3305 qui
668 3208 786 3279 adhuc
817 3207 864 3278 de
895 3207 1064 3291 sontibus,
1095 3206 1225 3303 quibus
1255 3206 1377 3276 Livius
1414 3205 1447 3276 in
1484 3204 1595 3274 rebus
1624 3201 1804 3295 Scipionis
1840 3201 2037 3273 tradendis

59 3402 76 3425 ,
141 3367 227 3413 usus
266 3343 323 3429 sit,
360 3344 595 3438 scripserunt,
635 3342 734 3414 solus
773 3341 921 3413 Nitzsch
958 3340 1006 3412 ad
1042 3340 1302 3436 cogitationem
1337 3340 1466 3409 ductus
1505 3363 1590 3408 esse
1628 3336 1732 3407 nobis
1772 3335 1927 3419 videtur,
1966 3362 2037 3405 eas

142 3478 385 3572 posteriorum
406 3476 562 3549 decadis
583 3478 713 3549 tertiae
734 3477 905 3547 librorum
926 3492 1064 3571 parteS,
1093 3500 1230 3570 quaec
1253 3472 1405 3567 Polybio
1434 3471 1612 3566 originem
1641 3470 1777 3541 ducere
1807 3469 2036 3547 viderentur,

144 3637 203 3683 res
232 3611 458 3705 potissimum
479 3637 545 3682 cas
566 3638 662 3708 quae,
682 3612 715 3681 in
737 3610 860 3682 Africa
879 3625 1013 3705 gestae
1043 3626 1181 3689 essent,
1212 3633 1279 3702 per
1298 3606 1465 3677 Latinum
1508 3620 1694 3676 auctorem
1738 3603 1797 3700 qui
1834 3600 2039 3695 e'Polyhio

142 3743 338 3827 hausisset,
368 3745 400 3816 in
440 3745 626 3816 livianum
663 3771 756 3839 opus
790 3744 989 3816 transiisse.
1052 3742 1160 3835 Quae
1191 3759 1289 3813 recte
1320 3741 1529 3836 disputasse
1560 3738 1708 3809 Nitzsch
1739 3738 1842 3808 nobis
1876 3736 2037 3837 videtur.

140 3878 218 3948 Sed
240 3879 349 3952 Peter
380 3879 475 3973 misr.
507 3879 549 3951 R.
581 3877 664 3963 rel,
695 3905 781 3975 pag.
823 3877 1034 3970 cccxlll),
1065 3877 1123 3974 qui
1158 3877 1191 3947 in
1227 3903 1273 3947 ea
1303 3875 1484 3946 sententia
1514 3888 1740 3968 perseverat,
1771 3887 1809 3942 ut
1837 3871 1871 3941 in
1899 3871 2038 3967 quibus

147 4014 257 4087 rebus
288 4014 409 4086 Livius
439 4032 477 4088 et
507 4014 679 4110 Polybius
708 4015 908 4099 concinant,
941 4038 1006 4084 eas
1036 4037 1057 4083 a
1088 4011 1189 4104 Liuio
1219 4037 1265 4082 ex
1295 4010 1376 4105 ipso
1405 4007 1558 4102 Polybio
1586 4032 1715 4077 versas
1745 4032 1831 4076 esse
1868 4023 2039 4088 censeat,

146 4175 228 4221 eam
274 4175 384 4246 quam
428 4151 617 4247 ingressus
662 4165 765 4220 esset
808 4147 957 4219 Nitzsch
1000 4146 1094 4216 viam
1139 4172 1224 4217 esse
1269 4145 1449 4239 ambages
1487 4141 1666 4227 indicavit,
1697 4140 1744 4211 ad
1774 4165 1866 4237 quas
1895 4140 1949 4210 vir
1978 4139 2038 4210 ille

147 4284 378 4357 doctissimus
417 4302 519 4356 recto
555 4286 680 4356 itinere
711 4300 837 4378 spreto
866 4282 1093 4377 confugisset
1121 4280 1242 4351 animo
1272 4295 1563 4374 praeoccupatus
1593 4275 1775 4383 sententia
1805 4299 1944 4361 corum,
1977 4275 2038 4371 qui

148 4421 180 4490 in
219 4418 284 4489 illis
320 4417 418 4489 libris
456 4417 644 4513 Polybium
681 4417 783 4489 Livio
821 4418 853 4491 in
893 4416 1047 4487 lontibus
1086 4414 1196 4485 luisse
1235 4429 1450 4509 negassent,
1494 4437 1575 4481 cum
1613 4409 1798 4506 quaedam
1834 4409 1882 4480 ita
1932 4407 2035 4503 apud

149 4552 288 4629 Livium
317 4569 530 4646 comparata
559 4578 644 4623 esse
675 4548 923 4635 intellexisset,
961 4568 998 4621 ut
1032 4574 1104 4619 non
1140 4564 1294 4642 possent
1325 4547 1472 4617 fluxisse
1503 4574 1523 4616 e
1551 4544 1716 4639 Polybio.
1773 4542 1850 4616 Sed
1885 4567 2041 4637 prorsus

150 4716 216 4761 nos
255 4687 355 4780 sugit,
390 4711 462 4783 quo
494 4687 575 4780 jure.
611 4683 705 4756 illam
742 4683 914 4755 Nitzschii
943 4684 1037 4755 viam
1067 4709 1153 4754 esse
1184 4683 1365 4778 arnbages
1394 4679 1563 4752 contendi
1593 4679 1721 4773 possit.
1779 4677 1856 4748 Nos
1885 4675 2040 4772 quidem

150 4848 230 4893 cum
266 4847 386 4918 neque
424 4821 533 4892 Peter
570 4819 709 4891 Livium
742 4818 910 4891 hausisse
950 4842 997 4891 ex
1031 4818 1112 4913 ipso
1142 4816 1294 4914 Polybio
1329 4815 1434 4889 nobis
1467 4813 1692 4911 persuaserit
1727 4837 1846 4909 neque
1877 4808 2040 4880 Nissenii

152 4956 442 5030 Friedersdorlfii
481 4956 705 5055 aliorumque
745 4954 962 5041 sententiae,
996 4953 1134 5028 scilicet
1161 4972 1350 5052 utrumque
1389 4952 1604 5049 scriptorem
1634 4947 1769 5021 codem
1803 4946 1901 5018 fonte
1931 4969 2041 5017 usum

154 5118 240 5166 esse
279 5093 445 5167 assentiri
478 5093 674 5190 possimus,
711 5105 881 5164 accurata
914 5091 1190 5188 conparatione
1224 5089 1384 5162 instituta
1418 5087 1452 5160 in
1489 5085 1693 5160 universum
1728 5083 1775 5156 ad
1805 5079 1965 5155 eundem
1996 5106 2043 5153 ac

156 5228 303 5305 Nitzsch
344 5230 477 5305 exitum
517 5225 664 5305 adducti
699 5249 836 5305 sumus.
898 5226 1016 5303 Recte
1054 5241 1176 5305 autem
1215 5223 1319 5301 nobis
1355 5223 1465 5301 Peter
1500 5220 1721 5299 Nitzschium
1759 5215 2043 5318 reprehendere
