4364 5858
1162 266 1202 331 14

994 344 1352 353 .——--———-——.--—.
1357 342 1368 349 -

455 458 533 532 Sed
569 474 799 556 quantopere
829 459 918 533 Livii
954 476 1080 534 auctor
1114 461 1262 534 differat
1289 486 1311 532 a
1339 460 1590 530 Romanorum
1624 450 1803 527 annalium
1838 442 2127 548 scriptoribus*).

242 592 332 665 satis
367 590 572 689 intelleges
603 594 633 665 si
665 619 826 691 pugnam
861 596 958 690 apud
995 594 1145 668 Zamam
1185 595 1417 668 commissam
1452 590 1723 687 comparaveris
1756 612 1836 659 cum
1875 586 2025 657 Liviana
2063 582 2129 655 de-

242 728 439 824 scriptione
474 725 601 824 proelii
634 730 770 826 (XXX,
808 732 881 825 18),
918 755 993 825 quo
1021 730 1137 825 blago
1171 731 1284 802 victus
1317 743 1385 801 est.
1443 724 1614 821 Polybius
1650 720 1762 811 solus,
1794 721 1853 818 qui
1882 720 1934 792 rei
1963 715 2127 790 militaris

245 878 325 935 erat
357 863 610 957 peritissimus,
638 880 676 935 et
703 863 820 958 ipsam
854 888 1015 959 pugnam
1043 864 1093 936 ad
1121 863 1271 937 Zamam
1308 864 1542 935 commissam
1570 878 1645 931 tam
1675 856 1831 929 dilucide
1865 878 2054 949 exponere
2088 868 2128 923 et

248 996 297 1068 de
327 995 541 1069 Hannibalis
575 997 816 1092 imperatoriis
848 996 1037 1069 virtutibus
1073 1024 1116 1070 ac
1149 999 1197 1070 de
1228 1000 1306 1070 acie
1343 998 1499 1093 egregie
1532 996 1580 1067 ab
1609 990 1814 1065 Hannibale
1849 990 2020 1061 instructa
2047 984 2125 1057 tale
2159 974 2164 985 ⁸

243 1127 417 1223 judicium
447 1129 541 1203 ferre
571 1131 686 1225 potuit
717 1129 858 1225 (Polyb.
879 1131 964 1219 XV,
991 1156 1055 1223 113
1077 1132 1153 1205 Liv.
1181 1132 1305 1219 XXX,
1329 1135 1407 1225 35),
1436 1155 1517 1202 curn
1537 1127 1791 1213 lllassinissae,
1813 1121 1929 1195 Laelii
1958 1120 2126 1193 aliorum·

242 1286 314 1357 que
344 1262 553 1358 Scipionum
582 1264 846 1337 narrationibus
875 1280 1047 1340 uteretur.

456 1396 593 1471 Contra
634 1424 681 1471 ea
720 1400 802 1494 quis
840 1401 933 1472 inter
960 1401 1151 1472 Romanos
1193 1401 1386 1473 historicos
1424 1419 1483 1471 est
1520 1399 1580 1493 qui
1620 1396 1769 1495 quidem
1806 1408 1892 1464 ante
1932 1387 2126 1483 Polybium

146 1554 149 1561 ’
249 1529 483 1625 scripserunt,
523 1533 577 1605 cui
615 1557 745 1606 omnes
782 1560 843 1605 res
880 1517 1141 1632 praesidiaque
1185 1533 1372 1606 doctrinae
1412 1533 1471 1605 ita·
1499 1547 1650 1628 praesto
1689 1530 1829 1612 fuerint,
1867 1542 1907 1597 ut
1942 1520 2125 1619 Scipionis

241 1687 301 1735 res
335 1680 466 1760 gestas
504 1682 603 1739 tanta
638 1693 717 1739 cum
759 1666 907 1740 aliarum
943 1693 1064 1740 rerum
1100 1685 1173 1740 tum
1210 1668 1544 1764 geographicarurn
1582 1663 1859 1760 militariumque
1913 1657 2124 1755 cognitione

244 1798 503 1885 conscriberet,
547 1815 584 1872 ut
619 1798 772 1896 Polybio
814 1802 881 1897 ipsi
924 1827 1008 1873 raro
1050 1802 1283 1874 occasionem
1326 1799 1567 1895 amplificandi
1610 1796 1845 1893 rnutandique
1888 1790 2121 1864 narrationes

246 1930 420 2029 reliquam
450 1933 608 2007 faceret?
635 1977 684 1987 —

454 2066 704 2140 Considerans
733 2069 853 2140 omnia
882 2096 904 2141 a
931 2096 1020 2142 vero
1050 2046 1224 2142 aberrare
1255 2070 1341 2141 milri
1370 2093 1439 2139 non
1469 2058 1609 2148 videor,
1640 2066 1669 2135 si
1698 2079 1835 2153 statuo:

455 2200 593 2273 Livium
622 2228 703 2273 cum
732 2200 822 2274 alias
851 2205 1095 2297 posteriorum
1125 2204 1279 2275 decadis
1299 2203 1342 2273 lll
1371 2201 1540 2273 librorum
1571 2217 1708 2296 partes,
1738 2224 1834 2295 quae
1863 2223 1944 2268 cum
1964 2192 2123 2289 Polybio

240 2334 478 2421 consentiunt,
499 2349 572 2406 tum
602 2336 757 2407 maxime
778 2361 839 2408 res
859 2337 892 2409 in
912 2337 1038 2409 Africa
1066 2354 1196 2435 gestas
1216 2364 1286 2409 non
1302 2364 1348 2409 ex
1377 2337 1557 2409 communi
1584 2333 1744 2432 quodam
1767 2333 1834 2403 sibi
1862 2356 1944 2401 cum
1964 2327 2122 2423 Polybio

240 2465 338 2540 fonte
373 2468 555 2558 hausisse,
585 2470 654 2541 sed
684 2496 731 2541 ex
757 2470 927 2542 Romano
963 2472 1124 2569 quodam
1158 2488 1320 2556 auctore,
1351 2473 1410 2568 qui
1449 2470 1598 2568 (pridem
1636 2473 1715 2563 ipse
1745 2464 1934 2560 Polybium
1969 2479 2122 2535 secutus

242 2617 345 2674 esset
374 2602 517 2677 ducem.

453 2736 531 2809 Sed
552 2737 699 2823 Nissen,
721 2738 1000 2810 Friedersdorff
1010 2739 1155 2837 aliique,
1176 2742 1235 2837 qui
1265 2756 1455 2837 utrumque
1472 2741 1688 2833 scriptorem
1709 2762 1755 2807 ex
1784 2734 1919 2805 eodem
1947 2731 2122 2804 hausisse

240 2868 338 2941 sonte
365 2886 504 2965 putant,
540 2870 632 2942 hanc
666 2872 860 2943 setentiarn
890 2898 970 2944 cum
1000 2872 1076 2945 aliis
1106 2890 1179 2947 tum
1216 2876 1318 2946 hisce
1355 2875 1514 2970 inprimis
1550 2872 1774 2969 argumentis
1803 2866 2005 2941 confirmari
2033 2890 2121 2938 con·

243 3003 452 3076 tenderunt:

452 3138 573 3211 Primo
615 3166 697 3212 enm
738 3168 824 3213 esse
864 3141 1001 3235 Polybii
1036 3160 1073 3213 et
1112 3144 1199 3214 livii
1243 3157 1468 3225 concentum,
1505 3158 1544 3212 ut
1580 3141 1627 3212 ab
1668 3140 1764 3210 omni
1808 3132 2120 3241 verisimilitudine

239 3271 467 3362 abhorreret,
497 3290 571 3344 tarn
598 3272 753 3346 fideliter
782 3272 971 3368 Polybium
1000 3302 1022 3347 a
1051 3277 1153 3347 Liuio
1187 3304 1332 3348 versum
1362 3302 1461 3362 esse,
1492 3276 1550 3372 qui
1580 3274 1768 3370 ceteroqui
1797 3272 1886 3343 satis
1914 3268 2044 3342 leviter
2072 3296 2119 3343 ac

240 3405 482 3499 perfunctorie
511 3405 651 3501 l'olybii
679 3408 881 3481 orationem
911 3410 1168 3505 interpretatus
1197 3428 1315 3493 esset,

450 3541 585 3613 deinde
623 3542 655 3613 in
685 3542 836 3613 liviano
873 3569 1044 3615 sermone
1073 3542 1118 3614 nil
1153 3545 1315 3639 reperiri,
1352 3545 1451 3642 quod
1485 3570 1532 3615 ex
1562 3544 1711 3616 Graeco
1749 3541 1846 3610 fonte
1884 3538 1998 3609 verba
2027 3562 2119 3609 esse

238 3698 421 3746 eomersa
450 3676 691 3761 demonstret,
722 3676 836 3749 nullas
865 3703 977 3747 uoces
1006 3694 1068 3748 aut
1096 3680 1298 3749 sententias
1315 3681 1483 3751 Graecas
1503 3694 1565 3748 aut
1593 3704 1638 3747 ex
1655 3677 1805 3747 Graeco
1833 3696 2004 3743 sermone
2034 3696 2120 3742 eon-

243 3833 382 3890 versaS,
413 3809 542 3905 rprales
563 3810 595 3881 in
625 3812 787 3905 partilms
808 3810 1017 3905 Polybianis
1046 3812 1179 3883 decad.
1201 3812 1250 3882 lV
1271 3830 1309 3883 et
1329 3812 1360 3880 V
1390 3827 1500 3907 atque
1517 3812 1549 3880 in
1567 3811 1607 3881 iis
1624 3835 1770 3907 quoque
1801 3805 1954 3878 decadis
1984 3806 2118 3877 tertiae

239 3939 339 4025 locis,
378 3969 471 4039 quos
507 3970 527 4015 e
563 3942 715 4038 Polybio
750 3971 836 4016 esse
874 3945 1090 4040 desumptus
1127 3962 1264 4041 putant,
1302 3970 1483 4041 mmquam
1520 3943 1664 4014 soleant
1700 3942 1813 4043 ‹lnesse
1851 3940 1929 4040 (cfr.
1965 3938 2117 4013 Nissen.

239 4077 456 4173 (maestum,
486 4104 521 4172 p.
555 4084 720 4169 74--76.
751 4079 977 4161 Friedersd,
1006 4108 1042 4176 p.
1073 4105 1221 4170 40—--41
1259 4079 1410 4177 aliisque
1441 4078 1565 4172 loeis),

453 4213 558 4281 tertio
587 4212 681 4283 iniis
710 4212 798 4307 ipsis
818 4214 993 4307 partibus,
1023 4240 1119 4311 quae
1140 4241 1220 4285 cum
1250 4213 1400 4307 Polybio
1429 4213 1688 4292 consentirent,
1710 4207 1877 4281 nommlla
1906 4230 2117 4293 occurrere,

241 4370 336 4441 (liure
358 4343 530 4438 Polybius
559 4361 621 4416 aut
635 4342 739 4416 aliter
768 4346 933 4417 traderet
952 4365 1013 4418 aut
1032 4372 1102 4417 non
1130 4348 1288 4418 haberet
1306 4346 1363 4441 (ef.
1385 4346 1483 4417 Niss.
1505 4342 1526 4417 l.
1547 4370 1577 4416 c.
1611 4348 1670 4435 85.
1695 4340 1905 4413 Prietlersd.
1926 4338 1947 4413 l.
1977 4342 2040 4433 e).
2065 4384 2115 4393 ψ-

453 4478 714 4550 Verumtamen
752 4480 868 4573 primo
904 4498 1122 4571 argumento
1150 4478 1196 4551 nil
1231 4479 1327 4551 aliud
1366 4480 1551 4573 probatur,
1582 4504 1691 4571 (ynam
1721 4476 1860 4547 Livium
1895 4501 1967 4546 non
1996 4477 2119 4571 ipsum

240 4611 465 4683 narrationes
495 4639 516 4681 e
548 4610 698 4705 Polybio
728 4612 902 4699 traxisse,
933 4614 1033 4708 qnod
1063 4639 1142 4684 cunr
1172 4580 1504 4707 nos⁸Polybiamnn
1535 4635 1742 4681 sermonem
1773 4609 1820 4679 ab
1849 4607 1920 4680 alio
1948 4610 2117 4703 quodam

174 4806 179 4813 .
242 4761 390 4816 auctore
428 4745 557 4816 latine
594 4772 813 4840 expressum
842 4773 927 4817 esse
957 4746 1233 4837 contendamus,
1268 4747 1332 4840 qui
1367 4745 1451 4843 quin
1478 4742 1687 4835 diligentius
1725 4742 1980 4841 s‹.›ller·tius‹pre
2010 4744 2120 4817 Livio

453 5048 482 5133 *l
529 5051 584 5111 lle
615 5051 785 5113 ratione
809 5072 874 5131 qua
903 5052 1063 5115 anmrliuut
1088 5054 1262 5133 scriptores
1287 5074 1412 5133 pugnas
1437 5050 1553 5113 referre
1583 5048 1706 5119 solent,
1738 5050 1792 5111 cfr.
1819 5051 1950 5119 Nissen,
1977 5062 2118 5131 quaest„

521 5188 597 5249 Pals‘·
621 5184 761 5247 ‘rs-94·
