4364 5858
1161 319 1309 418 ²⁶4..-

233 553 359 629 pturus
396 550 516 620 esset,
556 559 682 605 eorum
721 532 781 626 qui
820 547 930 603 antea
959 530 1182 624 scripserant
1223 544 1410 600 auctorum
1448 528 1676 625 potissimum
1712 529 1822 603 talem
1858 530 1919 626 qui
1951 558 2015 604 res
2053 556 2124 602 non

138 680 141 685 '
233 665 350 739 solum
380 693 490 762 quam
519 665 800 739 luculentissime
831 681 869 737 et
897 663 1167 736 accuratissime
1205 680 1412 752 narrasset,
1453 665 1522 737 sed
1558 666 1758 760 praecipue
1793 665 1979 763 elegantia
2012 692 2060 738 ac
2092 665 2125 735 vi

232 803 411 874 sermonis
440 827 569 873 omnes
598 800 689 873 alios
720 801 918 895 scriptores
947 814 1175 892 superasset,
1206 812 1393 870 auctorem
1432 797 1594 896 elegisse
1626 799 1758 871 ducem
1791 800 1915 872 statim
1943 801 1993 873 ab
2022 800 2124 871 initio

230 954 363 1031 patet,
384 938 507 1008 Livius
537 937 632 1008 euim
663 937 786 1008 rhetor
815 948 896 1007 erat
923 958 1045 1027 aeque
1084 958 1126 1003 ac
1165 934 1319 1027 scriptor
1354 959 1476 1005 rerum
1510 951 1623 1029 atquc
1654 936 1731 1007 sine
1768 935 1881 1007 dubio
1910 935 2050 1006 eadem
2080 960 2123 1006 ac

232 1072 364 1143 Cicero
392 1072 562 1168 opinione
593 1071 808 1159 ducebatur,
837 1086 875 1140 ut
903 1070 1058 1141 oratoris
1087 1093 1215 1140 munus
1245 1094 1331 1140 esse
1368 1069 1558 1141 historiam
1591 1071 1639 1141 ab
1676 1071 1883 1142 oratoribus
1917 1068 2143 1147 secundum,

230 1206 416 1277 rhetorum
447 1221 650 1300 praecepta
679 1205 913 1278 scribendam
948 1219 1130 1275 censeret.
1194 1201 1370 1314 Nimirum
1409 1203 1531 1276 Livius
1569 1229 1640 1275 non
1674 1205 1790 1275 minus
1831 1229 1942 1299 quam
1971 1203 2122 1291 Cicer0,

230 1341 289 1437 qui
318 1339 447 1411 nimius
477 1337 594 1411 Coelii
623 1339 794 1413 laudator
822 1339 933 1410 luisse
962 1337 1117 1425 videtur,
1155 1337 1264 1432 hujus
1296 1338 1485 1410 virtutibus
1524 1339 1709 1411 scribendi
1745 1339 1844 1411 adeo
1880 1336 2123 1425 alliciebatur,

229 1491 268 1546 ut
295 1501 379 1547 eum
409 1500 477 1569 per
505 1490 620 1547 totam
650 1476 835 1549 decadem
864 1473 1009 1545 tertiam
1038 1471 1072 1542 in
1101 1471 1225 1566 primis
1262 1472 1422 1545 haberet
1450 1474 1618 1549 lontibus.
1677 1473 1812 1566 Quanti
1842 1488 1966 1546 autem
1995 1471 2124 1544 Livius

230 1609 444 1682 Coelianum
477 1636 572 1705 opus
607 1611 809 1682 aestimarit
852 1606 960 1702 plane
1011 1631 1236 1700 cognosces,
1275 1609 1305 1679 si
1346 1609 1446 1703 ipsos
1489 1607 1590 1681 locos
1633 1609 1764 1705 quibus
1802 1607 1952 1681 Coelius
1989 1623 2123 1679 auctor

230 1745 358 1816 citatur
399 1744 605 1840 inspexeris
653 1761 692 1817 ct
734 1745 921 1838 inspectos
964 1743 1238 1836 comparaveris
1284 1769 1365 1816 cum
1392 1744 1433 1815 iis
1464 1744 1596 1839 quibus
1638 1743 1769 1816 Antias
1811 1745 1940 1815 citatur
1981 1758 2125 1815 auctor.

228 1877 408 1970 Quamvis
438 1881 534 1951 enim
564 1880 613 1952 de
642 1905 746 1952 more
776 1904 844 1951 suo
873 1892 946 1948 tum
976 1877 1125 1948 demum
1155 1902 1239 1948 eum
1268 1878 1402 1950 afferre
1432 1876 1564 1965 soleat,
1594 1903 1675 1949 cum
1696 1878 1743 1949 ab
1773 1876 2002 1965 eosecedit,
2034 1901 2124 1949 nun·

227 2039 336 2112 quam
366 2030 490 2086 tamen
520 2041 603 2086 cum
633 2040 714 2086 cum
758 2029 858 2087 tanto
887 2012 1033 2084 fastidio
1070 2027 1209 2106 quanto
1247 2010 1433 2084 Valerium
1471 2013 1649 2099 nominat,
1693 2012 1763 2083 sed
1805 2012 1917 2084 etiam
1944 2011 2004 2083 ubi
2036 2036 2124 2083 eum

226 2149 344 2244 rejicit
371 2148 502 2221 leniter
531 2164 642 2247 atque
671 2147 869 2221 honorifice
899 2148 948 2221 de
978 2172 1025 2220 eo
1053 2145 1211 2242 loquitur
1246 2172 1382 2243 neque.
1407 2144 1479 2219 ullo
1514 2145 1596 2219 loco
1631 2173 1714 2218 eum
1747 2147 1950 2242 vituperat,
1980 2144 2125 2219 Antiati

231 2301 499 2379 praeterquam
537 2284 637 2380 quod
669 2281 765 2356 nullo
800 2282 878 2354 lere
916 2280 998 2353 loco
1033 2283 1114 2378 ejus
1152 2283 1397 2355 narrationem
1434 2284 1598 2377 sequitur
1645 2281 1865 2377 saepissime
1907 2281 2126 2376 exprobrat,

229 2419 335 2514 quod
364 2419 544 2491 historicis
573 2445 672 2515 quae
702 2420 866 2490 dicuutur
894 2417 1110 2489 testimoniis
1131 2417 1240 2490 fidem
1271 2444 1341 2490 non
1360 2419 1541 2507 habuerit,
1571 2417 1672 2515 quod
1692 2414 1861 2490 nonnulla
1889 2415 2129 2512 impudenter

228 2551 384 2641 finxerit,
414 2554 514 2650 quod
543 2553 679 2625 nullum
707 2552 907 2625 mentiendi
937 2552 1086 2623 modum
1116 2554 1267 2625 noverit.
1316 2553 1397 2625 Nec
1427 2553 1504 2624 sine
1534 2551 1657 2648 aliqua
1686 2577 1798 2626 causa
1827 2551 1950 2623 Livius
1977 2551 2126 2624 histori-

227 2713 311 2759 cam
328 2687 445 2760 Coelii
474 2689 732 2761 auctoritatem
762 2688 849 2759 tanti
878 2687 1104 2775 aestimavit,
1134 2712 1218 2758 nam
1248 2688 1393 2759 minime
1423 2687 1654 2783 spernendus
1684 2703 1722 2759 et
1749 2685 1808 2758 vel
1837 2687 1959 2782 magni
1988 2686 2024 2758 in
2055 2713 2127 2759 suo

226 2847 368 2916 genere
398 2821 588 2894 faciendus
619 2839 678 2894 est
706 2823 872 2917 scriptor,
902 2821 961 2918 qui
991 2818 1076 2892 licet
1104 2822 1246 2893 somnia
1284 2819 1426 2894 labulas
1459 2822 1629 2918 prodigia
1662 2818 1827 2917 aliasque
1856 2821 1937 2914 ejus
1965 2822 2128 2917 generis

226 2957 454 3028 narrationes
484 2959 588 3053 operi
618 2982 687 3028 suo
716 2958 880 3029 inserere
910 2982 982 3028 non
1010 2957 1194 3052 respuerit
1221 2972 1345 3028 tamen
1387 2982 1567 3028 summum
1596 2957 1683 3027 artis
1724 2955 1921 3027 historicae
1964 2981 2125 3050 praece·
2167 3014 2173 3025 .

215 3106 339 3185 ptum,
369 3089 480 3163 fidem
508 3092 733 3179 historicam,
764 3107 865 3163 tanto
894 3091 1016 3164 studio
1040 3090 1232 3186 amplexus
1262 3106 1331 3180 est,
1362 3108 1400 3163 ut
1415 3118 1481 3163 sua
1497 3106 1629 3186 sponte
1660 3105 1702 3162 ac
1731 3087 1883 3161 consilio
1912 3088 2005 3162 lalsa
2037 3118 2127 3180 eum

223 3224 421 3297 tradidisse
452 3226 609 3298 credere
641 3252 711 3297 non
741 3227 936 3321 possimus.
994 3226 1086 3319 Quis
1116 3227 1224 3323 igitur
1259 3243 1318 3298 est
1348 3227 1408 3323 qui
1438 3227 1597 3308 dubitet,
1635 3226 1718 3322 quin
1749 3225 1871 3295 Livius
1901 3222 2128 3301 Coelianum

222 3385 315 3454 opus
340 3361 417 3456 jam
447 3360 568 3433 statim
598 3361 645 3432 ab
674 3360 771 3432 initio
801 3361 955 3433 decadis
984 3377 1114 3454 tertiae
1145 3360 1297 3449 adierit,
1331 3362 1549 3456 praesertim
1591 3388 1671 3433 cum
1706 3361 1763 3433 hic
1802 3379 1934 3435 auctor
1971 3378 2132 3455 praeter

222 3519 288 3566 eas
324 3520 415 3591 quas
458 3495 613 3566 diximus
655 3496 836 3568 scribendi
884 3496 1033 3568 virtutes
1062 3498 1174 3568 etiam
1211 3496 1289 3568 aliis
1328 3498 1492 3592 egregiis
1528 3497 1716 3568 virtutibus
1752 3497 1901 3593 insignis
1939 3496 2130 3596 Livioque

220 3629 449 3723 gratissimus
493 3631 615 3701 esset?
679 3631 820 3702 Auctor
859 3632 956 3704 enim
996 3646 1076 3702 erat
1129 3631 1280 3703 Latinus
1337 3649 1373 3703 et
1430 3657 1539 3728 quam
1594 3632 1883 3730 antiquissimus,
1940 3632 2118 3705 omnibus

223 3764 331 3833 rebus
386 3790 454 3857 pro
509 3761 575 3835 illis
630 3765 856 3860 temporibus
912 3767 1008 3837 bene
1070 3766 1283 3853 instructuS,
1340 3768 1388 3837 ab
1443 3766 1649 3838 hominibus
1704 3764 1845 3838 illorum
1900 3782 2122 3861 temporum

221 3897 338 3967 doctis
368 3915 406 3969 ut
434 3924 456 3969 a
485 3899 664 3971 Cicerone
694 3898 846 3997 aliisque
877 3906 1026 3973 multum
1055 3899 1170 3972 lectus
1199 3899 1455 4001 laudatusque.
1497 3902 1621 3996 Quem
1649 3927 1732 3975 cum
1761 3902 1884 3974 Livius
1914 3927 1982 3997 per
2011 3927 2117 3975 com·

223 4029 345 4128 plures
374 4030 485 4107 libros
515 4050 662 4105 secutus
693 4035 737 4105 sit
782 4035 859 4107 sine
904 4036 1077 4132 gravibus
1111 4037 1231 4110 causis
1263 4039 1479 4132 seposuisse
1518 4063 1669 4133 prorsus
1704 4034 1916 4109 incredibile
1952 4035 2116 4109 videtur.

218 4161 348 4262 ltaque
387 4166 420 4236 in
468 4193 514 4238 ea
555 4193 651 4264 quae
689 4169 851 4266 sequitur
909 4170 1017 4266 hujus
1055 4172 1280 4269 quaestionis
1316 4189 1420 4267 parte
1459 4174 1580 4245 omnia
1618 4171 1734 4244 Coelii
1773 4171 1932 4278 auctoris
1968 4170 2123 4260 indicia,

222 4326 317 4396 (prae
348 4300 380 4369 in
411 4301 492 4397 ipso
522 4302 673 4375 Liuiano
702 4330 817 4399 opere
839 4321 995 4393 exstant,
1025 4324 1129 4378 erunt
1148 4308 1398 4405 conquirenda
1425 4334 1467 4380 ac
1495 4308 1645 4379 summis
1665 4307 1799 4377 viribus
1821 4307 1889 4378 erit
1908 4306 2122 4401 premenda

221 4434 314 4505 hacc
343 4437 544 4508 sententia:
576 4438 714 4509 Livium
741 4440 775 4510 in
805 4440 915 4512 rebus
935 4466 957 4512 a
980 4441 1152 4535 Scipione
1182 4444 1323 4538 majore
1344 4443 1377 4513 in
1407 4442 1532 4514 Alrica
1559 4443 1677 4537 gestis
1707 4438 1899 4513 tradendis
1928 4438 2118 4530 Coelium,

225 4567 391 4641 Coelium
422 4571 454 4641 in
483 4573 607 4664 primis
637 4574 812 4648 habuisse
843 4574 1000 4647 lontibus
1030 4574 1232 4669 Polybium.
