4364 5858
1065 352 1102 416 31

895 425 965 432 —..-
985 428 1069 435 ξ,
1080 428 1223 434 ..-.-...—

127 541 264 646 rediit,
292 542 313 613 i.
354 530 464 613 ead
501 539 710 635 Polybiu1n3
741 569 789 614 ex
824 568 897 637 quo
936 544 1102 618 casola
1145 572 1228 618 eum
1271 546 1426 617 traxisse
1469 570 1582 627 sumu,
1626 542 1787 638 quaein
1829 569 1908 638 cap.
1956 542 2038 614 28¹1

142 673 323 771 leguntur.
382 676 476 748 Tum
506 676 657 749 Coelius
698 693 900 772 postquam
941 679 1179 775 Polybianam
1221 681 1269 752 de
1316 706 1389 775 qua
1436 680 1684 774 conjecturam
1720 677 1855 774 protuli
1905 679 2038 749 descri-

146 810 314 904 ptionem
342 811 449 907 hujus
477 812 606 908 proelii
629 812 728 907 legit,
758 814 946 886 diversum
975 815 1012 886 id
1042 842 1128 888 esse
1157 832 1257 888 ratus
1287 815 1333 885 ab
1363 840 1410 886 eo
1440 813 1541 909 quod
1572 814 1670 908 apud
1698 814 1857 885 Silenum
1882 814 2039 885 invenis·

142 959 213 1029 set,
243 971 366 1017 rursus
394 947 565 1019 adhunc
594 948 703 1020 rediit
730 974 776 1021 ac
804 952 921 1046 primo
949 948 1109 1024 Silenum
1138 965 1329 1021 auctorem
1358 966 1508 1020 secutus
1537 946 1623 1020 illud
1651 962 1824 1042 equestre
1861 947 2039 1043 proelium

143 1099 184 1152 et
214 1105 310 1177 quae
340 1100 541 1176 sequuntur
570 1109 640 1169 res,
671 1086 805 1158 deinde
835 1087 1068 1182 digressione
1098 1085 1147 1158 de
1168 1084 1409 1156 Massinissae
1430 1085 1541 1155 rebus
1568 1083 1603 1154 in
1632 1083 1875 1155 narrationem
1902 1084 2039 1154 inserta

142 1213 277 1286 iterum
326 1216 422 1310 (Liv.
470 1216 609 1302 XXIX,
676 1244 759 1315 cap.
812 1202 875 1317 ι34)
925 1221 996 1294 hoc
1043 1220 1223 1317 proelium
1264 1235 1304 1291 et
1349 1243 1447 1313 quae
1497 1234 1701 1313 sequuntur
1753 1217 1908 1311 Polybio
1952 1244 2038 1291 usus

142 1366 301 1422 auctore
342 1351 546 1447 decsripsit.
607 1353 721 1444 Quod
762 1354 792 1426 si
830 1355 887 1427 cui
928 1356 1042 1427 minus
1075 1356 1296 1451 probavero
1331 1353 1361 1424 is
1394 1351 1561 1447 inspiciat
1588 1352 1698 1425 velim
1732 1376 1814 1446 cap.
1855 1347 1932 1442 34³,
1963 1376 2038 1446 quo

140 1499 234 1569 loco
263 1484 424 1574 Coelius
454 1511 566 1581 quem
595 1487 697 1560 Livio
726 1504 916 1563 auctorem
945 1490 1057 1562 fuisse
1086 1514 1156 1584 pro
1186 1505 1292 1593 certo
1321 1487 1457 1570 habe0‚
1486 1486 1534 1557 ad
1563 1487 1724 1582 priorem
1759 1486 1898 1558 sontem
1952 1486 2038 1557 dico

140 1617 347 1711 Polybium,
379 1621 435 1691 cui
464 1621 581 1693 verba
611 1648 707 1716 quae
736 1624 771 1695 in
799 1650 880 1719 cap.
913 1621 994 1695 28¹¹
1024 1612 1194 1718 leguntur
1226 1624 1321 1718 »jam
1350 1622 1445 1694 enim
1472 1621 1597 1716 Scipio
1625 1624 1744 1694 classe
1775 1639 1872 1718 eto«
1906 1620 2037 1728 debet²

140 1755 277 1826 iterum
306 1780 479 1828 reversus
508 1756 749 1829 eademsere
780 1759 897 1830 verba
924 1760 1089 1855 repetiit:

129 1864 142 1895 l

427 1950 500 2020 cu.
530 1949 665 2035 xxix,
698 1952 789 2023 2811.
845 1931 849 1938 ’
1403 1950 1481 2021 mv.
1511 1946 1649 2038 xxur,
1683 1952 1758 2042 34³.

251 2079 328 2174 Jam
358 2084 452 2155 enim
481 2084 606 2177 Scipio
636 2087 756 2158 classe
784 2086 930 2159 Uticam
960 2086 1070 2157 missa
1224 2084 1286 2156 nd
1316 2083 1461 2156 Uticam
1497 2102 1572 2156 tum
1606 2101 1729 2156 castra
1761 2082 1889 2183 Scipio
1930 2092 2045 2166 lerme

140 2217 229 2310 ipse
262 2215 361 2288 haud
397 2216 446 2289 ita
479 2216 626 2289 multum
664 2245 889 2316 progressus
925 2248 947 2291 a
983 2221 1070 2292 mari
1117 2221 1211 2293 mille
1247 2246 1379 2315 passus
1422 2221 1469 2291 ab
1512 2220 1601 2290 urbe
1638 2218 1812 2305 habebat,
1850 2222 1987 2300 tralata
2024 2256 2046 2300 a
2085 2258 2093 2271 ·

147 2349 309 2422 tumulos
337 2355 524 2446 proximos
549 2371 720 2448 ceperat.
1117 2356 1216 2440 mari,
1258 2355 1318 2426 ubi
1360 2378 1503 2450 paucos
1541 2353 1621 2425 dies
1663 2355 1800 2426 stativa
1842 2362 2045 2457 conjuncta

1119 2490 1228 2563 classi
1257 2489 1412 2562 fuerant.

922 2624 1156 2632 ——.-..-...---—--
1162 2624 1255 2630 -—--..

365 2742 486 2811 Recte
517 2738 673 2836 Keller*)
707 2742 919 2836 disputasse
948 2742 1032 2813 mihi
1060 2741 1216 2826 videtur,
1260 2741 1412 2837 primum
1440 2741 1620 2837 proelium
1649 2743 1696 2812 ab
1727 2742 1850 2816 altero
1885 2766 2039 2822 auctore

150 2873 254 2944 nimis
284 2873 472 2963 minutum,
504 2874 656 2949 alterum
686 2876 733 2946 ab
763 2873 882 2947 altero
912 2902 998 2948 esse
1027 2874 1280 2971 amplificatum
1308 2893 1618 2970 exornatumque3
1648 2877 1683 2948 in
1712 2903 1761 2949 eo
1791 2899 1916 2954 autem
1945 2882 2039 2957 illum

150 3034 300 3081 errasse
328 3010 525 3095 contendo,
556 3013 659 3106 quod
687 3012 773 3083 illud
801 3036 823 3083 a
850 3011 978 3095 Fabio,
1007 3011 1079 3082 hoc
1109 3012 1156 3084 ab
1186 3008 1309 3105 aliquo
1345 3010 1523 3106 Scipionis
1562 3011 1744 3107 scriptore
1784 2981 1918 3088 lactum
1952 3045 2038 3091 esse

151 3144 364 3239 disputavit.
394 3190 444 3199 -
474 3145 591 3219 Multo
621 3146 716 3218 enim
744 3147 824 3218 veri
853 3146 935 3217 mihi
964 3146 1111 3218 videtur
1138 3143 1292 3229 similius
1321 3145 1480 3216 Silenum
1519 3144 1884 3240 Carthaginiensibus
1914 3151 2038 3225 laven·

152 3298 228 3353 tem
256 3306 333 3353 rem
376 3308 485 3378 quam
504 3283 660 3354 maxime
691 3282 871 3366 minuisse,
892 3280 1082 3374 Polybium
1102 3280 1332 3376 Scipionibus
1375 3304 1529 3375 quorum
1556 3282 1729 3353 utebatur
1771 3286 2037 3358 consuetudine

152 3415 342 3488 laventem
371 3442 432 3488 res
451 3444 473 3488 a
502 3416 671 3513 Scipione
700 3432 830 3511 gestas
859 3416 976 3510 magis
1006 3441 1114 3510 quam
1142 3439 1211 3509 par
1239 3405 1341 3486 esset
1368 3411 1652 3487 illustrasse-vel
1672 3417 1924 3512 amplificasse.
1981 3422 2036 3493 Li·

150 3550 230 3621 vius
259 3567 381 3645 autem
409 3551 481 3646 has
507 3547 669 3624 res'non
699 3551 859 3623 diversis
888 3578 934 3623 ex
969 3549 1129 3621 sontibus
1163 3549 1327 3644 repetiit3
1362 3548 1463 3642 quod
1499 3573 1580 3620 cum
1618 3577 1687 3645 per
1723 3578 1765 3623 se
1800 3571 1923 3648 patet,
1962 3571 2034 3627 tum

153 3711 200 3756 cx
228 3686 315 3780 ipsis
344 3687 434 3758 Livii
461 3688 584 3759 verbis
612 3686 767 3779 (XXIX,
803 3711 835 3760 c.
875 3690 954 3782 352)
992 3685 1182 3756 discimus:
1233 3685 1350 3756 »duos
1393 3684 1529 3755 eodem
1570 3685 1715 3758 nomine
1758 3686 2036 3784 Carthaginien·

153 3819 243 3892 siu'm
273 3820 387 3894 duces
422 3823 566 3894 duobus
605 3821 837 3918 equestribus
872 3818 1023 3915 proeliis
1052 3819 1271 3891 interlectos
1304 3842 1380 3890 non
1415 3843 1546 3891 omnes
1582 3837 1754 3892 auctores
1784 3839 1882 3906 sunt,
1916 3823 2033 3909 veriti,

153 3955 283 4033 credo,
312 3982 358 4027 ne
394 3954 536 4029 falleret
571 3957 627 4028 bis
656 3957 773 4028 relata
801 3954 937 4027 eadem
973 3980 1042 4027 res.
1100 3954 1251 4026 Coelius
1280 3953 1428 4047 quidem
1456 3970 1495 4025 et
1532 3951 1701 4026 Valerius
1738 3974 1887 4051 captum
1922 3957 2033 4030 etiam

155 4092 374 4179 Hannonem
416 4092 600 4165 tradunt«.
638 4135 687 4146 -
721 4092 810 4163 Inde
846 4115 937 4162 vero
975 4090 1005 4161 si
1037 4089 1118 4185 quis
1160 4090 1332 4161 conicere
1369 4089 1460 4161 velit
1497 4087 1664 4161 Coelium
1701 4116 1807 4162 unum
1843 4089 2033 4186 proelium,

152 4252 261 4299 unum
290 4229 519 4300 ‘Hannonem
557 4253 714 4321 eumque
748 4244 894 4323 captum
930 4250 1178 4313 memorasse,
1212 4224 1243 4295 is
1277 4249 1415 4296 vereor
1454 4249 1500 4295 ne
1536 4224 1640 4296 nimis
1676 4251 1698 4295 a
1738 4250 1829 4297 vero
1866 4228 2032 4318 aberret3

151 4390 235 4435 narn
277 4364 336 4435 hic
371 4360 478 4435 locus
522 4364 661 4459 optime
695 4363 745 4434 ita
777 4360 940 4454 intellegi
974 4377 1115 4456 potest,
1150 4375 1190 4430 ut
1225 4357 1394 4432 Coelium
1431 4358 1585 4431 duorum
1623 4359 1770 4456 quidem
1809 4361 2032 4433 Hannonum

149 4499 376 4599 mentionem
405 4499 549 4581 secisse,
580 4523 733 4593 quorum
762 4522 869 4568 unum
898 4496 1067 4579 occisum,
1098 4493 1258 4579 alterum,
1288 4493 1336 4566 de
1366 4518 1440 4588 quo
1470 4495 1506 4564 in
1533 4521 1564 4567 c.
1599 4516 1642 4586 35
1674 4496 1810 4589 agitur,
1845 4511 1907 4565 aut
1935 4496 2031 4568 occi·

147 4661 227 4708 sum
257 4654 320 4708 aut
347 4651 492 4731 captum
520 4660 606 4707 esse
636 4632 830 4706 tradidisse
860 4648 1073 4705 statuamus.

360 4799 521 4872 Profecti
550 4826 572 4869 a
600 4798 691 4870 Livii
719 4798 811 4869 libro
832 4793 968 4884 XXIX,
1003 4816 1047 4886 25
1078 4838 1125 4847 —
1154 4796 1213 4882 28,
1243 4793 1265 4866 i.
1295 4819 1327 4866 e.
1358 4795 1404 4865 ab
1434 4792 1475 4864 iis
1504 4793 1669 4888 partibus
1698 4818 1795 4888 quae
1824 4792 1873 4864 de
1896 4793 2036 4866 Coelio·

152 4931 349 5009 ducendae
406 4934 483 5008 sine
543 4933 684 5032 magnis
746 4929 1015 5003 difficultatibus
1075 4944 1366 5027 cognoscuntur,
1426 4952 1494 4999 nos
1547 4928 1636 4999 satis
1694 4927 1803 5022 plane
1847 4929 2038 5022 probasse-

355 5260 386 5348 l²)
432 5260 587 5334 Keller,
611 5260 629 5321 l.
654 5281 692 5333 c..
717 5280 793 5342 pag.
816 5279 914 5344 99.-
