4364 5858
1147 342 1166 402 8

1134 441 1337 455 —ss--m

218 544 437 656 scriptorem
469 592 517 636 ex
544 564 679 640 eodem
709 566 881 641 hausisse
903 569 1003 643 sonte
1033 563 1334 665 conlirrnarpntl‘).
1361 563 1428 659 llla
1448 564 1608 639 Nissenii
1624 563 1761 660 judicia
1789 561 1998 658 complures
2028 562 2103 633 iam

215 700 386 795 homines
404 702 501 775 docti
521 721 560 774 ut
578 703 788 786 Boettcher,
818 705 863 776 G.
893 703 1106 800 Michael**)
1139 703 1273 800 aliique
1296 705 1417 777 studio
1439 699 1599 798 amplexi
1614 699 1845 795 profectique
1868 724 1891 771 a
1919 698 2105 793 prioribus

216 832 368 908 decadis
397 836 438 907 ΙΙΙ
471 836 570 909 libris
598 849 714 933 iisque
744 839 918 934 inspectis
948 865 990 910 ac
1019 841 1242 936 comparatis
1271 866 1352 912 cum
1383 820 1583 933 Polybiana
1627 834 1834 906 narratione
1866 831 2104 915 affirmarunt,

216 966 484 1043 similitudinem
515 971 607 1044 inter
641 972 967 1068 duos‘scriptores
997 999 1083 1045 esse
1114 974 1320 1046 ducendam
1349 972 1453 1058 inde,
1489 970 1591 1066 quod
1626 987 1665 1041 et
1701 968 1823 1039 Livius
1861 984 1900 1039 et
1928 964 2105 1060 Polybius

216 1103 376 1176 eundem
397 1106 682 1201 exscripsissent
709 1104 983 1204 auctorem**'²“').
1012 1110 1201 1182 Mittamus
1221 1098 1294 1181 hoc
1324 1105 1411 1179 loco
1432 1105 1614 1201 inquirere
1635 1129 1679 1175 ac
1700 1102 1918 1200 dijudicare,
1949 1116 2105 1172 rectene

216 1232 263 1309 illi
290 1239 353 1310 viri
382 1239 430 1311 de
460 1240 618 1314 sontibus
656 1243 816 1338 priorum
853 1243 1008 1316 decadis
1042 1244 1084 1315 lll
1121 1244 1292 1319 librorum
1334 1271 1381 1315 an
1410 1268 1483 1314 non
1511 1257 1614 1310 recte
1644 1237 1926 1333 disputaverint,
1957 1235 2108 1330 quibus-

217 1398 298 1445 cum
318 1375 414 1447 inea
435 1401 475 1447 re
492 1352 752 1461 consentimus,
769 1377 871 1472 quod
890 1379 1032 1450 Livium
1048 1380 1166 1475 ipsum
1180 1380 1249 1451 has
1266 1407 1325 1452 res
1341 1403 1413 1450 non
1429 1404 1449 1448 e
1466 1373 1618 1469 Polybio
1633 1373 1803 1444 hausisse
1825 1369 2108 1443 contenderunt.

216 1507 295 1579 Sed
328 1507 363 1579 hi
398 1511 463 1582 viri
495 1513 579 1583 mihi
615 1538 763 1585 errasse
797 1512 967 1585 videntur
1001 1515 1160 1587 eandem
1194 1515 1374 1587 rationem
1412 1528 1524 1606 atque
1568 1511 1602 1581 in
1641 1508 1822 1602 prioribus
1873 1504 2026 1576 decadis
2062 1501 2108 1572 lll

217 1640 317 1715 libris
355 1645 467 1716 etiam
501 1646 535 1717 in
570 1647 839 1741 posterioribus
876 1649 970 1720 inter
1001 1646 1192 1742 Polybium
1223 1666 1261 1720 et
1288 1647 1429 1719 Livium
1459 1644 1690 1717 intercedere
1728 1656 1944 1712 statuentes.
2007 1637 2107 1707 Nam

219 1803 299 1849 cum
328 1779 362 1850 in
396 1779 451 1851 his
481 1781 639 1854 Liuianis
677 1779 777 1855 libris
809 1762 1012 1855 consensus
1042 1784 1135 1855 inter
1164 1785 1259 1856 duos
1288 1782 1369 1865 illos
1409 1783 1608 1875 scriptores
1637 1779 1670 1849 in
1700 1776 1928 1846 breviorilms
1965 1788 2105 1843 tantum

218 1912 332 1984 modo
367 1915 583 1986 narrationis
617 1917 782 2010 partibus
815 1912 1034 2005 inveniatur,
1071 1944 1221 2013 prorsus
1260 1919 1462 1989 abhorrent
1502 1916 1549 1986 ab
1584 1915 1653 1986 hac
1694 1914 1834 1984 ratione
1874 1909 2107 2004 posteriores

218 2018 370 2119 decadis
406 2048 449 2118 lll
485 2047 580 2133 libri,
623 2051 797 2146 imprimis
834 2050 924 2123 liber
970 2051 1093 2132 XXX,
1136 2052 1170 2123 in
1208 2078 1283 2147 qno
1322 2077 1500 2122 summmn
1536 2050 1629 2120 inter
1663 2048 1801 2119 Livium
1843 2061 1881 2115 et
1915 2041 2107 2136 Polybium

219 2198 435 2253 concentum
474 2209 541 2277 per
579 2182 728 2278 longam
766 2186 925 2280 capitum
963 2187 1096 2257 seriem
1131 2187 1423 2258 intercedentem
1460 2184 1638 2255 videmus.
1694 2182 1770 2273 Jam
1812 2179 1895 2250 inde
1934 2191 2106 2271 apparet.

218 2340 439 2388 consensum
476 2317 568 2388 inter
606 2317 686 2390 illos
726 2320 931 2417 scriptores
966 2320 1013 2391 de
1056 2322 1167 2391 rebus
1202 2323 1235 2391 in
1271 2320 1397 2391 llsrica
1441 2317 1558 2412 gestis
1593 2315 1698 2387 aliam
1734 2316 1874 2386 habere
1914 2313 2107 2404 originem.

190 2415 193 2421 Ι
220 2450 374 2523 Rectam
396 2452 490 2523 viam
520 2453 708 2547 ingressus
738 2472 797 2526 est
816 2455 1102 2539 Friedersdorff,
1134 2456 1192 2549 qni
1224 2456 1360 2549 primus
1381 2451 1625 2525 difficillimum
1656 2450 1826 2520 insontes
1857 2447 2106 2542 posteriorum

218 2585 374 2658 decadis
410 2586 452 2656 lll
489 2585 662 2660 librorum
697 2589 901 2684 inquirendi
945 2616 1039 2686 opus
1082 2591 1257 2683 suscepit.
1319 2588 1397 2660 Sed
1436 2603 1473 2657 et
1517 2587 1595 2681 ipse
1636 2582 1914 2656 l⁴'riedersdorll
1944 2580 2109 2650 eandem

219 2737 331 2818 atque
361 2717 407 2790 illi
435 2746 529 2819 quos
559 2748 670 2816 supra
690 2725 873 2795 nominavi
895 2725 1170 2819 persuasionem
1191 2723 1296 2795 sudio
1311 2720 1506 2816 'amplexus
1528 2720 1718 2792 evidentur
1738 2718 1805 2789 sibi
1826 2717 2108 2789 demonstrasse

224 2855 324 2926 visus
362 2873 432 2941 est,
468 2882 489 2928 e
527 2859 704 2929 communi
739 2859 838 2929 lonte
869 2884 965 2956 quae
1006 2877 1045 2930 et
1079 2856 1250 2952 Polybius
1295 2874 1333 2929 et
1365 2857 1489 2928 Livius
1535 2855 1583 2926 de
1624 2855 1734 2925 rebus
1771 2852 1890 2946 gestis
1925 2850 2110 2944 Scipionis

219 2987 400 3062 referrent
427 2991 622 3088 fluxisse†].
679 2992 832 3088 Optimo
859 2995 941 3088 jure
969 2993 1005 3065 hi
1040 2994 1102 3065 viri
1132 2993 1228 3065 docti
1265 2994 1306 3064 iis
1344 2993 1412 3063 nixi
1449 2993 1496 3063 de
1527 2991 1658 3086 quibus
1701 3013 1813 3083 supra
1842 2985 2110 3080 disputavimus

221 3125 444 3220 argumentis
474 3143 691 3198 statuerunt:
724 3128 861 3198 Livium
892 3153 953 3198 res
989 3127 1168 3223 Scipionis
1198 3152 1269 3199 non
1302 3127 1457 3199 traxisse
1488 3153 1508 3197 e
1541 3123 1718 3220 Polybi03
1747 3150 1857 3219 quam
1886 3119 2109 3191 sententiam

220 3255 288 3351 ipsi
317 3283 384 3330 nos
414 3284 561 3355 quoque
592 3259 842 3333 lubentissime
881 3261 1105 3356 profitemur.
1163 3263 1337 3333 Nimirum
1375 3287 1396 3333 a
1431 3261 1532 3332 Livio
1561 3261 1595 3330 id
1626 3259 1759 3369 lactum
1790 3282 1875 3327 esse
1906 3255 2028 3326 statim
2060 3253 2111 3322 ab

220 3389 319 3463 initio
356 3418 403 3464 ea
440 3420 487 3464 ex
530 3420 642 3466 causa
680 3423 702 3466 a
736 3395 1045 3468 verisimilitudine
1084 3398 1287 3468 abhorrere
1326 3395 1492 3478 videtur,
1527 3395 1611 3489 quia
1649 3392 1790 3464 Livium
1823 3392 1889 3462 nisi
1925 3392 1957 3459 in
1996 3387 2111 3456 rebus

222 3527 452 3601 Graecorum
482 3530 672 3602 narrandis
703 3527 890 3623 Polybium
919 3557 990 3603 non
1020 3529 1182 3623 elegisse
1208 3531 1338 3601 ducem
1375 3526 1612 3624 principalem
1642 3528 1800 3598 Nissenii
1831 3525 2113 3621 quaestionibus

220 3659 451 3755 exploratum
479 3663 680 3751 habemus3
710 3664 746 3734 id
777 3665 878 3757 quod
908 3690 970 3736 cur
998 3667 1031 3737 in
1062 3666 1103 3736 lll
1133 3665 1278 3736 decade
1306 3663 1411 3735 aliter
1441 3691 1481 3735 se
1512 3665 1650 3736 habeat
1678 3690 1750 3734 non
1780 3682 1838 3734 est
1868 3664 1968 3757 qnod
1997 3688 2113 3755 pona-

221 3818 310 3883 mus,
350 3819 472 3891 neque
510 3798 656 3870 omnino
693 3797 869 3870 credibile
906 3801 1013 3872 nobis
1050 3802 1206 3887 videtur,
1246 3803 1387 3874 Livium
1421 3803 1451 3873 si
1485 3801 1563 3896 jam
1597 3800 1658 3871 diu
1693 3797 1881 3892 Polybium
1916 3797 2113 3892 egregium

435 4171 464 4258 ²¹⁸)
488 4176 624 4259 Michael
650 4178 679 4240 in
705 4201 812 4261 progr.
839 4179 997 4261 'l'orgau:
1026 4181 1077 4260 ›Jo
1103 4183 1235 4244 wieweit
1261 4183 1316 4244 hat
1334 4184 1442 4244 livius
1466 4181 1528 4243 den
1556 4182 1713 4261 Polybius
1738 4178 1906 4241 benutztr?
1932 4217 1972 4223 ---
1994 4178 2112 4239 Nissen

488 4295 623 4363 quaest„
650 4308 680 4367 p.
709 4289 849 4364 84-85.
876 4325 918 4332 -

420 4384 469 4469 **)
494 4388 533 4455 G.
559 4392 751 4463 Michael‚
782 4392 862 4454 lliss.
892 4395 992 4455 Bnnn.
1026 4397 1124 4474 1867:
1156 4396 1229 4475 Qua
1253 4398 1377 4458 ratirmc
1401 4398 1511 4457 Livius
1535 4398 1565 4457 in
1591 4397 1643 4461 lib.
1670 4394 1943 4457 xxm-xxvii
1969 4392 2114 4454 sontibus

485 4498 550 4558 suis
573 4518 648 4559 usus
671 4500 720 4559 sit.
747 4535 789 4544 -

403 4599 469 4685 *³¹⁴⁸*l
492 4604 623 4665 Nitrsch
655 4604 748 4685 (Kiel.
780 4606 868 4667 Mon.
895 4605 914 4670 s.
950 4607 1043 4668 Wiss.
1080 4610 1143 4670 und
1169 4611 1229 4670 lit.
1256 4612 1323 4692 Jcn
1357 4613 1451 4689 1854)
1485 4614 1515 4674 iu
1539 4618 1625 4678 libris
1649 4618 1724 4680 XXl
1749 4629 1780 4679 et
1804 4618 1893 4679 xxti
1918 4618 1997 4678 livii
2022 4627 2055 4679 et
2080 4618 2112 4679 in

487 4710 569 4770 libro
593 4711 634 4772 lll
660 4712 780 4792 l'olybii
806 4732 1011 4775 communem
1039 4715 1161 4777 sontem
1187 4728 1281 4799 putat
1304 4720 1422 4787 inesse:
1456 4722 1494 4802 Q.
1528 4723 1666 4784 Fabium
1691 4726 1868 4801 Pictoreni;
1894 4735 2008 4803 postea
2032 4745 2113 4787 vero

488 4820 582 4881 aliam
607 4822 798 4882 sententiam
824 4823 990 4904 professus
1014 4826 1054 4885 ‹le
1079 4825 1188 4889 Sileno
1213 4831 1376 4908 cogitavit,
1401 4851 1496 4911 quem
1523 4841 1554 4892 ct
1589 4832 1745 4892 Livius
1775 4840 1808 4892 et
1831 4830 1984 4911 Polybius
2008 4834 2112 4896 secuti

491 4935 608 4988 cssen't.
635 4928 687 5007 (cs.
722 4951 751 4991 v.
784 4929 902 5011 Sybels
933 4932 1004 4993 hist.
1031 4933 1222 5007 Zeitschrist,
1254 4936 1306 5012 64,
1338 4937 1401 5002 νοΙ.
1426 4937 1479 4998 Xl.
1506 4962 1537 5020 p,
1569 4941 1629 5021 1.):
1661 4958 1757 5018 quam
1790 4943 1982 5002 sententiam
2007 4946 2113 5023 magis

470 5033 677 5124 'explanavit
701 5036 930 5098 Boettcher
952 5039 982 5099 in
1007 5051 1130 5119 quaest.
1156 5042 1222 5102 crit.
1250 5043 1324 5102 rliss.
1350 5047 1429 5124 Reg.
1456 5046 1543 5106 Mon.
1571 5085 1612 5091 ——

435 5143 466 5222 †)
491 5140 830 5208 Friedersdorff:
855 5144 963 5204 Livius
987 5154 1018 5205 et
1050 5146 1210 5228 Polybius,
1243 5149 1402 5231 Scipionis
1434 5172 1536 5212 rerum
1568 5154 1742 5236 scriptores
1767 5155 1849 5215 Diss.
1877 5156 1984 5218 Goett.
2018 5163 2110 5242 1869.

497 5267 572 5330 Pag·
596 5264 651 5327 49·
679 5286 716 5295 ”
