4364 5858
1081 354 1120 417 25

138 549 269 621 bendi
311 575 451 644 genere
496 573 623 620 eorum
666 549 915 620 Romanorum
959 550 1019 642 qui
1063 566 1173 621 antea
1203 548 1417 620 l'lrumibalis
1460 548 1593 620 bellum
1630 554 1864 645 scripserant,
1897 552 2043 647 originis

141 702 280 757 tamen
325 711 414 757 suae
456 684 650 755 Romanae
693 709 763 754 uon
807 683 998 754 immemor
1040 681 1203 756 Silenum
1246 684 1473 779 scriptorem,
1517 684 1577 780 qui
1619 686 1666 756 ab
1697 685 1913 757 Hannibalis
1942 706 2047 780 parte

147 821 293 905 stabat,
323 819 457 891 ducem
485 816 722 914 principalem
752 816 875 914 elegit.
931 818 1024 889 Cum
1054 834 1176 889 autem
1198 816 1360 907 Coelius,
1393 835 1429 889 ut
1458 834 1538 890 erat
1566 820 1765 908 Romanus,
1796 846 1867 892 non
1897 847 2051 916 semper

149 955 329 1026 Punicum
358 954 496 1027 fontem
526 953 629 1050 sequi
657 968 799 1048 posset,
831 952 910 1047 ipsa
940 954 991 1024 rei
1021 969 1148 1025 natura
1181 969 1331 1024 coactus
1361 969 1459 1040 erat,
1500 970 1537 1024 ut
1565 955 1688 1025 statim
1717 956 1763 1025 ab
1792 957 1893 1027 initio
1922 960 2049 1051 operis

149 1087 320 1161 Silenum
350 1086 428 1159 aliis
458 1088 574 1185 iisque
605 1087 760 1159 lontibus
790 1087 967 1158 Romanis
996 1103 1058 1159 aut
1086 1085 1324 1182 amplificaret
1352 1104 1414 1159 aut
1442 1090 1646 1185 corrigeret
1675 1091 1809 1196 autad
1825 1117 1886 1163 res
1915 1092 2050 1164 Roma·

150 1249 227 1295 nas
254 1238 409 1318 aptaret.
468 1222 601 1319 Neque
630 1221 829 1319 quidquam
858 1222 934 1293 veri
968 1223 1073 1294 nobis
1108 1222 1253 1294 uidetur
1283 1221 1452 1308 similius,
1489 1249 1599 1321 quam
1638 1223 1822 1312 Coelium,
1853 1218 1913 1323 qui
1943 1226 2045 1321 Poly-

150 1359 304 1430 bianum
340 1382 433 1452 opus
466 1356 695 1452 procedente
734 1380 801 1427 suo
838 1381 954 1451 opere
994 1358 1179 1453 cognitum
1215 1356 1369 1452 legisset
1404 1372 1443 1428 et
1474 1358 1561 1455 quid
1596 1360 1698 1453 pravi
1729 1361 1762 1430 in
1792 1359 1917 1431 Sileno
1946 1379 2049 1433 esset

152 1491 419 1580 intellexisset,
457 1489 584 1563 Sileno
621 1491 741 1587 magis
779 1491 973 1588 magisque
1016 1492 1166 1588 abjecto
1209 1517 1319 1589 qnam
1362 1492 1520 1564 maxime
1562 1493 1596 1564 in
1630 1495 1890 1590 componendo
1933 1522 2049 1591 opere

152 1627 299 1724 Polybii
325 1627 541 1700 anctoritate
571 1652 657 1697 esse
688 1626 846 1698 ductum.
900 1625 1030 1724 Jtaque
1067 1653 1149 1698 cum
1188 1627 1282 1699 sides
1324 1625 1519 1724 cujuslibet
1551 1630 1736 1724 scriptoris
1776 1631 1949 1703 historica
1984 1629 2049 1701 illis

152 1763 384 1860 temporibus
412 1778 492 1834 tota
519 1761 684 1857 pendeat
712 1762 760 1832 ab
789 1763 1009 1852 auctoribus
1040 1746 1099 1860 qui
1128 1764 1177 1835 ab
1205 1789 1252 1834 eo
1286 1762 1320 1835 in
1350 1789 1454 1834 usum
1483 1765 1601 1835 vocati
1630 1781 1723 1852 sunt,
1754 1766 1787 1836 in
1817 1782 1948 1860 aperto
1978 1781 2048 1846 est,

151 1924 229 1971 non
271 1899 320 1970 de
362 1897 530 1970 omnibus
572 1893 738 1968 Coeliani
782 1899 906 1992 operis
950 1899 1114 1993 partibus
1154 1899 1231 1995 pari
1277 1898 1417 1969 ratione
1462 1924 1548 1970 esse
1574 1899 1839 1993 judicandum,
1866 1917 1904 1971 ut
1932 1901 2050 1998 inique

152 2035 323 2105 lecerunt
351 2033 384 2119 ii,
414 2032 545 2128 quibus
574 2027 725 2101 Coelius
754 2056 822 2129 per
851 2048 964 2103 totum
995 2057 1089 2130 opus
1125 2033 1173 2103 de
1203 2030 1330 2104 Sileno
1359 2031 1526 2130 pendere
1555 2034 1653 2104 visus
1683 2048 1751 2104 est.
1806 2033 1916 2105 Haud
1960 2059 2046 2132 qua-

150 2193 267 2269 quam
301 2167 409 2263 igitur
445 2181 546 2237 recte
583 2165 631 2236 de
666 2163 796 2236 Coelio
831 2167 851 2236 ii
887 2166 1105 2260 judicarunt,
1141 2167 1200 2263 qui
1235 2167 1268 2237 in
1297 2167 1504 2237 universum
1540 2193 1587 2238 ex
1617 2165 1805 2240 Coelianis
1835 2168 2050 2264 lragmentis

146 2301 420 2389 concluserunt,
451 2298 620 2371 Coelium
650 2298 798 2371 somniis
828 2299 1008 2372 miraculis
1032 2299 1197 2399 ,aliisque
1236 2300 1326 2371 illius
1366 2301 1516 2394 generis
1557 2303 1668 2373 rebus
1706 2303 1933 2375 narrationes
1963 2330 2050 2375 suas

148 2463 370 2524 exornasse,
401 2461 471 2507 non
496 2435 545 2506 ita
571 2460 653 2505 raro
682 2460 766 2505 eum
795 2462 817 2506 a
836 2436 1028 2530 proposito
1057 2462 1142 2508 esse
1173 2437 1394 2533 digressum,
1425 2450 1463 2506 ut
1491 2436 1725 2534 antiquitates
1754 2436 1900 2536 aliaque
1930 2463 2049 2510 narra-

146 2573 240 2645 tioni
269 2596 359 2644 suae
390 2570 623 2655 immisceret,
654 2594 776 2665 neque
816 2570 849 2640 in
883 2571 994 2641 rebus
1032 2571 1294 2676 geographicis
1331 2572 1419 2642 satis
1455 2587 1593 2643 certum
1634 2571 1745 2644 luisse
1776 2572 1935 2662 sontem,
1966 2574 2049 2668 quin

151 2708 271 2780 etiam
303 2731 364 2778 res
394 2703 609 2777 salsissimas
639 2719 749 2801 atque
779 2705 912 2776 bomini
941 2706 1066 2776 sobrio
1094 2707 1152 2777 vix
1190 2705 1399 2778 credendas
1429 2705 1596 2779 Coelium
1626 2707 1759 2779 allerrc
1790 2733 1877 2779 esse
1907 2734 2048 2779 ausum.

148 2843 288 2941 Neque
317 2857 417 2923 recte
446 2839 544 2926 inde,
574 2839 673 2935 qnod
701 2838 830 2910 harum
860 2865 979 2911 rerum
1009 2840 1043 2910 in
1072 2841 1204 2935 (pribus
1225 2840 1313 2912 livii
1334 2842 1497 2936 partibus
1518 2842 1566 2913 de
1596 2843 1707 2913 rebus
1727 2842 1907 2937 Scipionis
1931 2843 2049 2937 agitur

150 2977 302 3050 omnino
331 2972 415 3047 nihil
445 2973 635 3069 reperitur,
666 2972 894 3070 collegerunt
923 2973 1102 3046 Coeliana
1131 2976 1266 3070 scripta
1294 2978 1326 3047 in
1358 2976 1424 3048 illis
1453 3004 1523 3049 uon
1552 3005 1639 3049 esse
1669 2993 1854 3071 usurpata.

369 3109 540 3206 Denique
569 3124 693 3181 autem
724 3110 879 3182 Graecis
908 3107 1021 3182 literis
1051 3136 1134 3181 eum
1165 3111 1254 3182 satis
1291 3112 1439 3183 doctum
1477 3111 1601 3199 luisse,
1638 3127 1675 3183 ut
1703 3110 1942 3206 Polybianunr
1972 3138 2043 3182 ser-

149 3270 302 3319 monem
332 3245 462 3316 Latine
499 3256 645 3315 vertere
682 3262 831 3338 posset,
868 3245 1010 3316 etiamsi
1048 3271 1117 3316 non
1156 3261 1286 3339 aperte
1319 3247 1592 3321 confirmaretur
1630 3265 1730 3319 certe
1763 3264 1886 3319 tamen
1915 3264 1953 3317 et
1982 3275 2041 3332 eo,

150 3381 256 3478 quod
286 3378 400 3452 Laelii
431 3378 657 3473 aliorumque
688 3379 898 3473 Scipionum
935 3381 993 3475 qui
1031 3382 1187 3453 Graecis
1224 3378 1336 3451 literis
1371 3380 1469 3453 docti
1513 3399 1641 3453 essent
1678 3382 1941 3453 cousuetudine
1972 3399 2046 3453 ute-

148 3518 280 3605 batur,
317 3531 355 3587 et
391 3515 549 3587 maxime
574 3538 634 3602 eo,
669 3514 768 3607 quod
807 3541 854 3585 ex
887 3513 997 3584 Sileni
1029 3541 1144 3608 opere
1181 3516 1368 3609 tamquam
1399 3517 1497 3587 lorue
1535 3517 1704 3611 husie),
1738 3514 1795 3588 vel
1829 3516 1907 3586 siue
1937 3518 2047 3587 certis

151 3651 371 3724 testimoniis
401 3665 439 3721 ut
467 3665 672 3721 statuamus
699 3650 874 3745 cogimur.
933 3651 1076 3741 Quibus
1114 3649 1283 3721 nmn¹bus
1313 3652 1468 3746 cognitis
1503 3652 1608 3721 nobis
1645 3651 1924 3746 comprobatum
1961 3678 2046 3721 esse

150 3788 309 3876 videtur,
341 3812 462 3883 neque
492 3784 667 3883 quidquid
697 3785 795 3878 apud
826 3784 964 3854 livium
995 3810 1015 3853 e
1047 3782 1176 3855 Coelio
1213 3785 1446 3880 desumptum
1489 3786 1632 3857 videtur
1678 3785 1726 3856 ad
1769 3783 1930 3856 Silenum
1961 3812 2047 3875 esse

153 3922 403 4010 referendum,
434 3949 556 4018 neque
587 3917 683 3990 illam
712 3920 931 3990 sententiam
961 3918 1070 3988 certis
1092 3946 1178 3990 esse
1210 3919 1329 3992 nixam
1358 3920 1614 4007 fundamentis,
1646 3946 1743 4015 quae
1773 3934 1925 4014 propter
1951 3918 2046 3990 illum

152 4046 393 4142 l’olybianum
421 4046 539 4122 locum
572 4053 640 4147 (ΙΙΙ,
672 4057 735 4147 47)
769 4052 957 4146 Polybium
988 4079 1057 4123 non
1088 4079 1175 4124 esse
1206 4055 1287 4125 sinit
1317 4052 1433 4126 Coclii
1465 4055 1613 4126 sontem.
1643 4054 1795 4141 Deinde
1821 4071 1944 4125 autem
1974 4054 2043 4125 lroc

153 4184 687 4299 quoquedemonstravinurs,
725 4214 795 4259 non
837 4187 953 4258 solum
992 4187 1074 4258 nihil
1108 4190 1296 4260 obstitisse
1336 4191 1528 4285 quominus
1576 4188 1747 4284 Polybius
1784 4215 1805 4260 a
1843 4188 1974 4260 Coelio
2012 4189 2045 4260 in

154 4342 262 4388 usum
297 4335 447 4391 vocatus
484 4348 570 4392 esse
606 4339 755 4415 posset,
796 4323 864 4393 sed
901 4323 1011 4394 etiam
1048 4321 1214 4394 Coelium
1252 4325 1410 4396 omnium
1450 4350 1569 4395 rerum
1605 4324 1813 4419 cognitione
1845 4340 1917 4397 tam
1948 4325 2046 4395 bene

155 4452 367 4524 instructum
396 4454 520 4534 luisse.
551 4474 589 4526 ut
618 4456 854 4550 Polybianarn
886 4459 1128 4529 narrationem
1160 4460 1192 4528 in
1222 4487 1314 4554 opus
1345 4486 1448 4529 suum
1470 4460 1684 4531 transserrct
1713 4475 1775 4530 aut
1802 4477 1903 4531 certe
1934 4476 2044 4531 trans-

158 4586 256 4659 ferre
286 4606 427 4682 posset.

371 4723 545 4796 Ceterum
574 4726 705 4820 quibus
735 4726 898 4799 Coeliani
937 4729 1061 4822 operis
1096 4729 1284 4799 virtutibus
1318 4743 1522 4799 commotus
1563 4728 1685 4801 livius
1721 4731 1753 4801 in
1787 4727 1885 4799 bello
1916 4727 2048 4799 llanni-

155 4855 251 4931 balis
267 4859 474 4931 enarrando
491 4858 657 4932 Coelium
675 4862 903 4956 potissimum
920 4863 952 4932 in
971 4858 1126 4933 lontibus
1143 4863 1315 4935 habuerit
1338 4863 1366 4935 si
1397 4889 1626 4959 cognoscere
1655 4866 1718 4943 vis,
1749 4891 1794 4935 ne
1824 4862 2048 4934 obliviscaris

155 4990 267 5065 velim
296 5011 334 5066 et
361 4991 528 5066 Coelium
558 5012 596 5066 et
624 4996 763 5066 Livium
795 4996 904 5068 luisse
942 4996 1121 5072 rhetores.
1180 4998 1321 5070 Livium
1359 5025 1439 5069 cum
1489 4998 1665 5071 debello
1708 4996 1922 5070 Hannibalis
1965 4999 2047 5067 scri-

157 5184 226 5197 h.-.
245 5188 325 5196 n——n-
359 5188 419 5194 .—-
440 5190 443 5194 .
501 5189 569 5193 ...—-

372 5301 504 5371 *citt
536 5303 683 5375 Cicero
707 5308 753 5371 tle
778 5312 859 5380 rlrv,
892 5318 929 5382 fin
951 5314 967 5375 l.
995 5314 1016 5387 l,
1042 5329 1148 5390 24-s-
