4364 5858
1078 242 1115 292 12

1205 308 1284 329 4-
1328 326 1332 335 1

151 432 251 511 solus
280 432 453 533 Polybius
487 460 547 509 res
576 434 756 533 Scipionis
793 449 894 510 tanta
921 436 1081 512 omnium
1117 462 1238 545 rerum
1272 436 1481 536 cognitione
1518 462 1741 536 componere
1770 438 1905 536 potuit,
1932 425 2042 535 'quae

152 571 250 671 apud
266 598 349 647 eum
364 571 481 669 ipsum
500 569 603 670 (XIV
618 586 657 645 et
670 570 758 663 XV)
775 586 813 646 et
827 570 925 670 apud
936 572 1076 646 Livium
1091 569 1128 667 (l.
1145 571 1272 645 XXIX
1287 572 1462 672 etXXX)
1478 574 1642 649 occurrit.
1678 574 1753 647 lam
1772 598 1911 671 paucas
1931 598 2043 673 quas·

151 708 238 782 dam
265 733 326 782 res
354 704 534 780 hocloco
562 707 597 780 in
624 707 785 780 medium
814 733 837 781 a
864 708 969 781 nobis
997 706 1150 803 proferri
1184 734 1277 804 opus
1307 722 1381 799 est,
1411 734 1432 782 e
1462 709 1594 807 quibus
1623 709 1713 783 Livii
1748 726 1936 783 auctorem
1963 734 2043 785 om-

151 844 247 917 nium
276 868 395 916 rerum
424 841 681 938 peritissimum
712 842 823 915 fuisse
853 858 1044 937 appareat.

365 975 515 1072 Optime
553 990 679 1049 auctor
716 976 812 1048 Livii
846 974 919 1071 (lib.
958 976 1104 1066 XXIX,
1140 1002 1221 1072 cap.
1264 1002 1310 1067 29
1325 975 1413 1069 6-3
1424 981 1460 1069 3)
1490 978 1731 1051 Massinissae
1770 1004 1830 1051 res
1858 979 2040 1051 tractavit.

149 1110 258 1205 Quae
287 1110 409 1206 capita
437 1134 517 1181 cum
547 1111 729 1181 nominum
758 1106 983 1183 multitudine
1013 1110 1199 1183 abundent
1228 1135 1423 1207 rerumque
1453 1112 1611 1183 omnium
1640 1113 1923 1185 accuratissima
1952 1137 2041 1211 cog·

149 1246 283 1317 nitione
304 1244 458 1341 insignia
479 1244 573 1329 sint,
604 1245 683 1340 ipse
704 1244 983 1317 Friedersdorff
1005 1244 1166 1333 dubitat,
1197 1245 1314 1318 sintne
1335 1270 1383 1317 ex
1411 1243 1470 1344 illo
1490 1247 1668 1348 communi
1699 1246 1798 1319 fonte
1827 1246 2039 1343 desumpta.

150 1379 269 1452 Recte
305 1378 400 1451 enim
429 1374 488 1450 ille
518 1378 745 1466 observavit,
775 1376 835 1451 illo
859 1377 1019 1451 'excursu
1048 1379 1134 1452 talia
1165 1381 1366 1454 memoriae
1394 1380 1520 1476 prodi,
1557 1405 1654 1476 quae
1690 1381 1755 1453 nisi
1792 1382 1852 1477 qui
1881 1407 1929 1454 ex
1956 1381 2041 1477 ipso

151 1512 369 1585 Massinissa
398 1511 589 1601 audiisset,
619 1513 678 1584 vix
711 1529 841 1608 posset
868 1538 997 1597 nosse,
1027 1514 1151 1609 itaque
1175 1513 1377 1585 mirandum
1397 1538 1468 1586 non
1489 1510 1575 1587 esse
1605 1514 1706 1611 quod
1734 1515 1900 1587 homines
1925 1515 2038 1603 docti,

154 1646 372 1742 praesertim
401 1671 483 1718 cum
511 1643 684 1741 Polybius
713 1646 792 1742 ipse
821 1647 854 1719 in
884 1645 943 1722 lib.
965 1647 1032 1737 IX,
1062 1638 1143 1742 cap.
1175 1670 1218 1739 25
1242 1648 1458 1721 Massinissa
1487 1664 1587 1721 teste
1616 1649 1810 1737 niteretur,
1841 1646 2040 1743 ePolybio

154 1778 249 1854 illam
278 1780 547 1879 digressionem
578 1806 599 1853 a
628 1781 731 1854 Livio
760 1808 847 1855 esse
877 1782 1023 1854 ductam
1052 1797 1215 1883 statuere
1245 1807 1315 1853 non
1344 1779 1636 1877 dubitaverint&

365 1914 540 1986 Nimirum
570 1915 659 1987 Liuii
693 1930 819 1988 auctor
856 1916 1127 1988 accuratissime
1165 1916 1311 1989 nomina
1344 1933 1549 2013 gestasque
1584 1942 1644 1988 res
1673 1941 1821 2013 regum,
1852 1917 1912 2012 qui
1948 1931 2038 1989 ante

153 2048 273 2143 ipsum
292 2049 547 2122 Massinissam
576 2050 609 2121 in
629 2050 800 2122 Numidia
829 2050 976 2137 fuerint,
1007 2050 1167 2145 exponit.
1216 2048 1349 2123 Galam
1369 2051 1609 2123 blassinissae
1638 2066 1802 2146 patrem,
1833 2046 2039 2123 Oesalcem

153 2197 340 2279 patruum,
370 2183 578 2280 Capussam
607 2183 830 2279 patruelem,
859 2182 1106 2257 Mazaetulum
1140 2209 1211 2256 non
1241 2181 1397 2256 alienum
1426 2184 1604 2281 sanguine
1647 2183 1817 2281 regibus,
1856 2184 2040 2257 Lacuma-

153 2343 235 2391 zem
263 2341 414 2414 puerum
443 2334 642 2414 nuncupat,
671 2343 738 2392 nec
768 2319 946 2392 Bucarem
974 2316 1032 2391 illa
1065 2332 1288 2414 tempestate
1318 2319 1527 2391 Maurorum
1557 2343 1686 2415 regem
1725 2317 1836 2391 fuisse
1873 2318 1906 2391 ei
1936 2319 2041 2416 igno·

155 2464 229 2525 tum
259 2466 327 2526 est.

369 2586 569 2659 Praeterea
606 2588 640 2659 in
670 2586 808 2658 urbium
844 2583 1082 2681 locorumque
1113 2587 1314 2658 nominibus
1343 2586 1538 2658 Numidiae
1568 2585 1768 2659 afferendis
1797 2586 1928 2658 multus
1958 2602 2040 2661 est:

155 2720 381 2793 nominantur
422 2721 533 2792 urbes
561 2720 756 2815 Thapsus,
788 2718 950 2815 Clupea,
981 2719 1099 2807 Cirta,
1130 2720 1267 2816 Hippo,
1299 2720 1431 2792 Punica
1459 2693 1654 2815 Emporia,
1684 2718 1800 2805 aliae:¹
1832 2736 1943 2815 atque
1973 2720 2042 2793 de·

154 2854 313 2951 pingitur
340 2855 389 2926 ita
421 2851 613 2926 multorum
650 2852 811 2926 locorum
840 2869 988 2943 natura,
1014 2870 1051 2926 at
1084 2855 1196 2927 oculis
1231 2855 1399 2950 subjecta
1429 2880 1514 2926 esse
1544 2853 1753 2930 uideantur:
1792 2869 1955 2925 montem
1985 2898 2039 2908 --

156 2984 294 3060 Bellum
324 2987 371 3060 ab
412 2986 537 3061 incolis
567 3012 649 3061 eum
684 2989 805 3060 vocari
834 3033 885 3041 —
915 2988 1026 3061 fuisse
1064 2988 1257 3060 herbidum
1298 3013 1555 3085 aquosumque
1585 3013 1606 3060 e
1636 3012 1716 3082 cap.
1763 3010 1804 3078 31
1840 2987 2043 3079 discimus3

156 3121 410 3194 Massinissam
439 3122 474 3194 in
501 3120 595 3195 valle
625 3136 703 3194 arta
733 3122 895 3195 saucibus
915 3122 1094 3218 utrimque
1115 3122 1281 3194 obsessis
1311 3119 1483 3193 inclusum
1504 3121 1588 3193 inde
1618 3147 1686 3216 per
1705 3120 1886 3194 anfractus
1906 3122 2044 3194 montis

157 3254 303 3352 ignotos
341 3257 580 3351 sequentibus
619 3282 661 3328 sc
692 3257 889 3351 eripuisse,
928 3255 1086 3328 eundem
1122 3257 1331 3352 patentibus
1369 3281 1485 3351 prope
1516 3253 1695 3350 Clupeam
1734 3255 1861 3327 urbem
1899 3246 2043 3351 cauipis

157 3388 439 3461 circumventum
482 3389 516 3461 in
545 3415 699 3489 amnem·
733 3389 920 3487 ingentem
964 3390 1158 3462 immisisse
1202 3415 1335 3487 equum
1372 3415 1453 3484 cap.
1492 3412 1556 3480 32,
1601 3388 1750 3461 taudem
1786 3388 1833 3462 ad
1863 3388 2043 3463 minorem

157 3522 292 3616 Syrtim
321 3523 535 3617 pervenisse
565 3547 647 3618 cap.
681 3545 727 3614 33
758 3523 944 3595 docemur.

373 3656 574 3752 Praecipue
616 3681 705 3728 vero
748 3656 796 3728 de
840 3657 950 3765 rebus
979 3657 1179 3729 Numidicis
1209 3673 1335 3730 auctor
1363 3657 1539 3728 certiores
1569 3680 1638 3728 uos
1677 3656 1770 3727 facit.
1828 3656 2043 3751 Accipimus

161 3816 241 3883 cap.
277 3813 344 3881 23,
365 3790 544 3862 Numidas
573 3805 657 3862 ante
687 3816 816 3862 omues
845 3791 1024 3863 barbaros
1054 3792 1087 3863 in
1116 3791 1303 3864 Venerem
1333 3791 1444 3863 fuisse
1474 3787 1691 3885 effusost‘tp
1722 3808 1879 3886 apparet
1906 3816 1927 3862 e
1957 3816 2041 3887 cap.

167 3946 232 4010 29,
254 3949 393 3995 morem
415 3923 525 3996 fuisse
546 3925 645 4019 apud
666 3924 864 4009 NumidaS,
893 3940 932 3996 ut
952 3951 1104 4022 reguum
1124 3951 1216 4021 rege
1237 3940 1381 3997 mortuo
1401 3926 1459 3996 ad·
1479 3924 1626 3995 fratrem
1656 3925 1884 4023 perueniret,
1914 3940 2043 3997 auctor

136 4056 195 4127 ·iu
224 4082 304 4151 cap.
338 4080 379 4148 31
415 4058 644 4131 Numidicam
677 4086 806 4131 vocem
845 4058 1072 4155 »mappalia«
1098 4060 1222 4145 affert,
1253 4084 1349 4156 quae
1384 4057 1513 4130 Latine
1534 4059 1691 4131 tentoria
1725 4059 1910 4143 dicuutur3
1940 4058 2041 4132 idem

165 4217 302 4285 pecora
331 4191 497 4264 Numidis
528 4193 637 4265 fuisse
667 4194 844 4288 pecuniae
883 4191 965 4265 loco
994 4220 1075 4292 cap.
1109 4217 1149 4285 31
1187 4193 1338 4283 imbuat,
1377 4219 1497 4290 neque
1527 4193 1689 4289 ignorat,
1727 4192 1905 4264 Numidas
1934 4191 2049 4290 longe

167 4325 320 4419 primum
349 4326 511 4419 equitum
541 4328 574 4398 in
603 4328 727 4399 rlfrica
756 4355 842 4400 esse
871 4354 990 4424 genus
1036 4332 1131 4422 (cup.
1165 4327 1241 4418 34l.
1274 4373 1321 4379 --
1366 4328 1438 4398 lam
1469 4353 1557 4398 uero
1595 4327 1686 4398 iuter
1715 4327 1904 4399 Romanos
1940 4354 2051 4401 anna-

164 4455 246 4529 lium
268 4459 465 4553 scriptores
486 4476 570 4532 ante
593 4459 779 4556 Polybium
810 4461 870 4557 qui
892 4462 1074 4533 florebant
1094 4462 1174 4556 quis
1195 4477 1275 4533 erat
1294 4461 1355 4555 qui
1386 4487 1445 4532 res
1469 4461 1710 4533 blassinissae
1730 4461 2067 4559 Numidarumque-

166 4609 239 4663 tam
269 4592 420 4687 copiose
450 4609 488 4663 et
516 4610 685 4667 accurate
715 4593 934 4689 explicaret?

379 4726 491 4799 Adde
531 4729 632 4823 quod
669 4745 796 4801 auctor
833 4729 922 4801 Livii
961 4756 1022 4803 res
1064 4731 1097 4802 iu
1133 4730 1312 4825 Scipionis
1347 4729 1476 4801 castris
1509 4756 1631 4825 acque
1670 4747 1782 4825 atque
1821 4730 1853 4801 iu
1891 4730 2051 4803 hostium

380 5034 409 5115 ²²⁴)
433 5034 767 5109 Friedersdorff,
792 5036 810 5102 l.
835 5057 862 5102 c.
888 5056 962 5119 pag.
987 5054 1040 5114 40.

364 5148 409 5235 *Ἴ
432 5149 470 5214 cf.
494 5151 564 5215 Liv.
590 5152 642 5216 lib.
667 5152 773 5227 XXX,
798 5172 869 5236 cap.
899 5169 953 5219 12:
979 5162 1014 5216 ut
1037 5162 1086 5217 cst
1110 5174 1212 5235 genus
1234 5153 1447 5217 Numidarum
1471 5152 1502 5215 in
1523 5153 1686 5217 Venerem
1708 5173 1872 5237 praeceps.
