4364 5858
1006 618 1042 684 13

837 696 918 707 μ...-
923 694 1211 703 .-....-.-.----..

86 814 203 890 saetas
231 814 414 913 pernovit;
442 840 566 911 neque
595 814 691 888 enirn
721 838 805 887 eum
833 811 940 911 sugit,
970 837 1044 909 qua
1072 808 1268 885 calliditate
1302 838 1388 883 usus
1416 812 1541 913 Scipio
1573 814 1715 887 nuntios
1744 841 1766 888 a
1794 814 1966 911 Syphace

88 948 219 1025 allatos
247 948 375 1025 celarit
415 948 450 1047 (l.
479 948 625 1040 XXIX,
655 974 736 1045 cap.
770 952 847 1045 24),
885 973 953 1021 nec
989 971 1061 1020 non
1089 944 1238 1021 consilia
1267 945 1509 1021 Hasdrubalis
1540 946 1969 1047 Carthaginiensiumque

85 1086 233 1185 cognita
259 1086 392 1176 habet,
430 1084 629 1181 praecipue
667 1108 749 1183 cap.
784 1108 802 1155 a
810 1106 848 1174 3,
882 1082 941 1154 ubi
979 1082 1027 1153 ab
1060 1079 1296 1155 Hasdrubale
1330 1083 1608 1155 commemorari
1645 1098 1818 1173 testatur,
1857 1084 1967 1157 etiam

85 1219 244 1315 Scipioni
272 1246 353 1291 cum
382 1220 555 1315 Syphace
586 1218 716 1291 foedus
745 1242 845 1289 esse.
902 1216 1102 1287 Praeterea
1133 1214 1460 1312 Carthaginienses
1488 1242 1556 1311 pcr
1583 1214 1707 1289 literas
1736 1218 1966 1316 nuntiosque,

86 1368 275 1451 postremo
304 1354 415 1425 etiam
443 1378 512 1448 per
544 1349 691 1448 legatos
720 1349 957 1422 arcessivisse
988 1348 1261 1421 Hasdrubalem
1290 1350 1577 1446 Syphacemque
1607 1352 1641 1423 in
1669 1376 1750 1447 cap.
1783 1375 1830 1443 34
1860 1352 1968 1424 tradi-

86 1502 153 1561 tur.
209 1486 368 1560 Accedit
408 1486 510 1582 quod
552 1512 633 1581 cap.
666 1482 737 1577 34⁶
780 1481 939 1556 Salaeca
967 1483 1154 1578 quaedam
1183 1483 1355 1555 Afrorum
1384 1486 1469 1556 urbs
1499 1486 1717 1572 nominatur,
1761 1484 1967 1581 quindecim

87 1622 202 1694 ferme
231 1618 328 1695 milia
356 1622 403 1694 ab
431 1620 609 1693 Romanis
641 1619 770 1691 castris
806 1617 969 1704 distans,
1010 1616 1058 1687 de
1094 1642 1168 1711 qua
1204 1642 1249 1690 ne
1286 1643 1352 1689 nos
1388 1618 1538 1712 quidem
1574 1618 1710 1715 aliquid
1739 1636 1965 1715 compertum

84 1756 277 1829 habemus.
334 1756 394 1828 De
433 1753 680 1849 promunturio
716 1749 775 1824 illo
809 1751 856 1823 ad
886 1750 1048 1834 Uticam,
1087 1750 1120 1821 in
1158 1777 1233 1846 quo
1267 1752 1447 1847 Scipionis
1486 1768 1607 1826 castra
1641 1754 1795 1826 hiberna
1831 1754 1967 1825 munita

87 1904 209 1977 erant,
252 1913 333 1982 cap.
366 1908 411 1978 35
444 1885 639 1985 diligenter
667 1885 850 1975 scribitur3
895 1883 1015 1957 tinnuli
1055 1910 1167 1979 super
1197 1885 1338 1957 Uticam
1369 1886 1424 1957 siti
1454 1888 1552 1981 apud
1583 1888 1721 1959 Livium
1751 1886 1809 1960 lib.
1841 1886 1964 1975 XXX,

85 2046 166 2117 cap.
197 2046 221 2111 4
250 2022 386 2093 mentio
414 2020 473 2110 sit,
502 2047 626 2119 pugna
658 2021 713 2092 »in
735 2020 881 2115 Magnis
911 2064 959 2071 —--
981 2018 1030 2090 ita
1049 2034 1181 2090 vocant
1208 2063 1258 2071 —
1279 2020 1440 2115 campis«
1473 2047 1554 2117 cap.
1588 2042 1607 2111 7
1638 2036 1822 2104 narratur,
1852 2018 1964 2091 Obba

84 2156 172 2227 urbs
201 2153 338 2233 eodem
367 2153 449 2227 loco
469 2156 628 2227 affertur.
686 2153 1020 2247 Quaesententiae
1050 2150 1275 2248 consiliaque
1306 2154 1448 2227 duabus
1477 2154 1639 2249 acceptis
1668 2151 1833 2225 cladibus
1862 2179 1968 2226 sena·

84 2304 159 2362 tum
187 2289 543 2388 Carthaginiensium
572 2289 800 2361 distinuerint
832 2304 958 2360 auctor
999 2313 1080 2381 cap.
1128 2306 1146 2376 7
1178 2301 1216 2358 et
1245 2312 1267 2375 9
1297 2313 1363 2359 nos
1399 2287 1520 2361 docet.
1587 2288 1740 2360 'l'unetis
1768 2288 1858 2360 situs
1886 2288 1973 2359 Car-

85 2424 244 2521 thaginis
273 2425 587 2523 ipsirtslrespeetu
606 2423 733 2496 babilo
760 2423 809 2494 ita
838 2448 918 2517 cap.
949 2446 971 2510 9
1001 2417 1214 2507 illustratur,
1243 2435 1280 2492 ut
1309 2422 1424 2516 ipsam
1454 2421 1583 2493 urbem
1615 2419 1728 2493 oculis
1757 2420 1971 2519 conspicere

84 2558 190 2631 nobis
218 2558 429 2647 videamur,
472 2584 591 2631 nonne
636 2558 747 2652 ipsius
776 2554 915 2651 Polybii
958 2556 1072 2627 verba
1108 2569 1192 2626 ante
1221 2552 1347 2626 oculos
1379 2580 1446 2627 nos
1479 2554 1619 2627 habere
1659 2572 1848 2654 putamus,
1887 2580 1969 2627 etun

82 2692 179 2767 haec
207 2694 305 2789 apud
335 2693 475 2765 Livium
503 2690 681 2789 legimus:

368 2856 445 2927 Liv.
484 2854 611 2943 XXX,
648 2858 739 2944 9¹¹:
1328 2848 1455 2946 Polyb.
1485 2850 1585 2941 XIV,
1623 2860 1699 2925 10⁵.

194 2988 323 3063 Tunes
352 2988 460 3062 abest
488 3015 510 3061 a
539 2988 764 3085 Carthagine
799 2987 1005 3085 quindecim
1153 2988 1194 3063 Ὀ
1222 2978 1255 3061 dl·
1283 2982 1388 3073 Tricas·
1414 2986 1555 3079 οἰπέχει
1583 2988 1641 3081 μὲν
1664 2988 1723 3072 τῆς
1760 2976 1972 3085 baesrode-'vos

85 3119 185 3196 milia
213 3122 329 3195 ferme
358 3148 552 3218 passuum,
591 3120 692 3193 locus
721 3147 802 3193 cum
831 3122 1005 3217 operibus
1027 3110 1030 3181 l
1051 3114 1097 3189 uis·
1116 3111 1235 3189 ἕκατὲν
1250 3116 1346 3190 εἴκοσι
1374 3105 1540 3199 oroed'oue,
1558 3114 1629 3189 ἔστι
1653 3104 1685 3189 di
1708 3106 1873 3189 odientes
1888 3146 1970 3207 σχε-

86 3270 164 3329 tum
193 3273 325 3352 suapte
353 3272 481 3328 natura
509 3271 605 3328 tutus
635 3270 673 3327 et
701 3256 760 3352 qui
791 3256 839 3327 ab
854 3256 1005 3327 Cartha·
1026 3186 1030 3327 l
1051 3234 1100 3317 dlv
1128 3248 1162 3317 ἔκ
1190 3234 1271 3329 ’ὅλης
1297 3244 1357 3317 ’Πῗϊ
1385 3237 1536 3330 πὲλέωέ,
1572 3232 1724 3339 dludi&
1760 3232 1972 3339 d'c'xoqo'rarr

82 3388 174 3487 gine
201 3391 360 3486 conspici
390 3405 526 3486 potest,
1026 3332 1108 3490 laod
1136 3370 1265 3460 φυσικῇ
1288 3370 1345 3444 καὶ
1377 3364 1613 3474 χειροποιήτῳ.

221 3602 225 3609 -
303 3556 412 3650 Quae
433 3583 544 3629 nemo
564 3558 628 3630 nisi
659 3558 717 3655 qui
748 3558 827 3653 ipse
857 3573 895 3629 et
915 3556 1178 3653 Carthaginem
1208 3574 1245 3629 et
1269 3559 1453 3631 'l'unetem
1474 3560 1612 3631 viserat
1633 3574 1743 3655 atque
1764 3558 1838 3629 suis
1859 3558 1973 3653 ipsius

84 3688 201 3765 oculis
238 3688 334 3763 illam
364 3717 386 3763 a
415 3692 639 3788 Carthagine
677 3708 934 3787 conspexerat,
971 3705 1117 3785 poterat
1148 3692 1321 3763 scribere.
1380 3693 1509 3763 Portus
1545 3736 1594 3745 --
1629 3694 1862 3765 Rusucmona
1896 3692 1973 3763 rhlri

91 3826 278 3898 vocabant
312 3871 361 3878 —
400 3826 589 3923 ceteroqui
627 3850 778 3920 prorsus
815 3826 960 3921 ignotus
994 3850 1075 3919 cap.
1118 3848 1163 3895 10
1201 3841 1527 3913 commemoratum
1557 3826 1694 3898 Cirtam
1732 3842 1842 3921 caput
1870 3829 1972 3923 regni

86 3958 273 4054 Syphacis
302 3960 457 4055 ejusque
479 3985 602 4031 arcem
627 3975 754 4030 auctor
774 3958 850 4031 Livi
871 3984 951 4053 cap.
980 3982 1021 4028 12
1053 3958 1151 4029 haud
1180 3958 1335 4054 ignorat.
1393 3958 1501 4051 Quae
1529 3985 1610 4053 cap.
1648 3966 1691 4031 16
1712 3960 1760 4032 de
1792 3961 1973 4033 sanctiore

86 4089 153 4165 illo
176 4092 320 4189 triginta
340 4092 523 4164 hominum
545 4092 708 4175 concilio,
730 4094 785 4164 cui
814 4094 972 4165 maxima
993 4093 1040 4163 ad
1067 4094 1182 4187 ipsum
1204 4091 1560 4189 Carthaginiensium
1581 4109 1749 4165 senatum
1769 4094 1971 4189 regendum

89 4226 148 4299 vis
176 4242 267 4315 erat,
297 4227 496 4313 traduntur,
527 4253 638 4321 quam
667 4228 824 4300 maxime
854 4224 1106 4299 memorabilia
1135 4222 1262 4319 suutss).
1316 4224 1462 4319 jusulae
1488 4226 1679 4323 llegimuri
1708 4228 1797 4299 situs
1826 4230 1860 4299 in
1894 4230 1974 4323 ipso

92 4360 194 4433 urbis
223 4376 328 4456 portu
358 4377 396 4433 et
415 4358 569 4432 Calidae
592 4360 724 4458 llquae
754 4388 835 4457 cap.
870 4388 915 4453 24
945 4363 994 4433 ita
1021 4360 1285 4447 describuntur,
1315 4379 1353 4433 ut
1380 4379 1507 4434 auctor
1526 4362 1616 4433 satis
1645 4358 1785 4433 illorum
1813 4359 1974 4433 locorum
2003 4388 2017 4421 ι

90 4494 206 4567 luisse
237 4496 357 4567 sciens
388 4492 492 4568 facile
522 4513 783 4593 cognoscatur3
812 4498 945 4569 llumen
972 4497 1164 4593 Bagradas
1194 4522 1273 4591 cap.
1309 4518 1367 4587 25,
1393 4495 1660 4567 Hadrumetum
1690 4497 1776 4567 urbs
1810 4522 1890 4591 cap.
1925 4520 1971 4583 29

94 4644 417 4703 commemoratur.
474 4630 624 4702 Zamam
660 4632 818 4728 quinque
852 4632 993 4702 dierum
1029 4632 1097 4703 iter
1129 4657 1150 4703 a
1180 4630 1404 4725 Carthagine
1439 4630 1575 4700 abesse
1605 4656 1626 4699 e
1656 4630 1776 4724 capite
1811 4630 1876 4717 292
1904 4629 1973 4701 clis-

97 4764 233 4855 cimus;
249 4763 459 4858 Scipionem
487 4765 586 4836 haud
611 4761 734 4859 procul
763 4766 958 4862 Naragara
989 4766 1077 4837 urbe
1107 4765 1323 4837 consedisse
1344 4762 1521 4834 loeocum
1537 4764 1726 4860 ceteroqui
1754 4778 1973 4857 opportuno,

83 4878 178 4969 ‘tum
220 4898 319 4996 quod
356 4899 506 4996 aquatio
548 4900 639 4971 intra
675 4898 735 4970 teli
778 4901 984 4995 conjectum
1026 4916 1107 4972 erat
1134 4924 1182 4971 ex
1210 4899 1345 4971 codem
1385 4898 1504 4992 capite
1535 4896 1795 4995 intellegimus;
1838 4896 1998 4968 ibidem

97 5030 283 5105 Hannibal
311 5029 482 5103 tumulum
503 5049 658 5130 quatum*
685 5032 780 5104 milia
810 5034 893 5105 inde
923 5034 1119 5106 distantem
1135 5049 1246 5105 tutum
1276 5031 1584 5127 commodumque
1605 5030 1751 5127 alioqui,
1780 5030 1845 5101 nisi
1875 5030 1975 5125 quod

94 5164 320 5263 longinquae
352 5167 558 5262 aquationis
587 5183 702 5251 esset,
733 5167 766 5238 in
795 5194 868 5263 ‹pu›
897 5184 1017 5241 castra
1045 5182 1212 5263 poneret,
1243 5167 1408 5239 refertur.

93 5388 232 5399 ...ι-...ιω
250 5388 314 5395 ---.--
341 5388 349 5393 -
434 5386 472 5393 ...ι

330 5530 359 5617 *)
382 5532 421 5595 cs.
446 5532 578 5607 Nissen,
604 5532 621 5593 l.
646 5553 673 5598 c.
698 5552 772 5614 pag.
802 5532 872 5609 165.
898 5568 939 5577 -
