4364 5858
1060 307 1112 403 ⁸28

939 397 1052 404 --—-.-—-
1082 397 1283 405 —-...—----—

146 516 354 609 »permultis
387 515 543 586 Graecis
573 514 788 608 Latinisque
825 515 1059 585 auctoribus«
1093 512 1269 595 adderet,
1298 516 1573 609 navigationem
1603 539 1822 608 prosperam
1853 513 1969 586 luisse
2001 531 2039 585 et

139 675 273 720 omnes
302 648 402 720 simul
439 651 514 738 sine
551 647 699 722 tumultu
737 674 817 720 cum
853 647 974 721 classe
1009 665 1145 719 terram
1182 649 1337 721 subisse.
1399 650 1449 720 Ut
1479 649 1595 744 prima
1630 648 1831 742 descriptio
1868 648 2038 720 fortasse

138 783 259 877 aliquo
289 783 403 855 modo
434 810 511 856 rem
541 784 653 871 auxit,
683 784 733 854 ita
763 779 879 855 altera
908 810 989 856 eam
1019 782 1198 856 imminuit.
1246 782 1323 854 Sed
1354 782 1456 854 facile
1487 783 1556 854 erit
1585 781 1633 853 ad
1661 781 1909 867 indicandum,
1944 782 2037 854 Livi·

137 943 195 988 um
224 918 289 989 has
319 917 410 989 duas
439 919 668 990 narrationes
699 919 799 1015 apud
819 915 984 990 Coelium
1017 914 1137 1009 lectas
1157 918 1193 989 in
1221 943 1327 989 unum
1357 917 1637 989 contaminasse.
1694 916 1767 1006 Qui
1804 942 2036 1012 quamquam

139 1049 353 1123 Coelianam
392 1053 570 1148 trajectus
610 1052 901 1148 descriptionem
941 1051 1027 1123 dicit
1063 1042 1313 1147 rejiciendam,
1350 1067 1473 1124 tamen
1513 1077 1594 1124 eam
1635 1050 1839 1146 praecipue
1877 1067 2036 1124 secutus

139 1203 216 1276 est,
255 1213 336 1258 nam
374 1189 402 1258 si
437 1215 532 1282 quae
568 1187 687 1258 Livius
724 1187 771 1258 de
808 1186 1042 1282 navigatione
1079 1203 1202 1257 narrat
1234 1186 1383 1280 legeris
1423 1187 1557 1258 eadem
1593 1186 1688 1271 lere,
1725 1210 1820 1280 quae
1857 1185 2036 1256 Coelium

139 1321 186 1391 de
224 1322 425 1393 terroribus
461 1347 504 1393 ac
540 1318 709 1416 periculis
745 1347 917 1393 narrasse
952 1321 1074 1392 Livius
1119 1320 1206 1392 dicit
1245 1320 1429 1414 reperies
1475 1337 1579 1392 certe
1627 1344 1870 1413 »prosperam
1916 1319 2033 1391 fuisse

139 1455 435 1550 navigationem«
469 1456 610 1527 minime
641 1455 756 1527 dices.
815 1455 935 1546 Quam
960 1455 1251 1549 descriptionem
1281 1456 1413 1549 opinor
1442 1481 1464 1524 a
1493 1454 1599 1525 Livio
1628 1478 1715 1524 esse
1744 1451 1917 1524 traditam
1949 1478 2036 1526 eam

138 1592 187 1660 ob
225 1614 389 1670 causam,
428 1590 528 1685 quod
567 1589 722 1661 maxime
758 1591 791 1660 ei
827 1589 974 1683 placuit.
1036 1589 1128 1660 Tum
1166 1588 1306 1673 Livius,
1337 1606 1376 1660 ut
1410 1614 1486 1659 rem
1515 1589 1709 1670 minueret,
1738 1568 1846 1683 quam
1875 1584 2035 1658 Coelius

139 1742 298 1808 auxerat,
328 1726 444 1819 ipsum
477 1725 849 1796 naviumaccessum
887 1723 964 1795 sine
997 1720 1148 1794 tumultu
1168 1747 1254 1794 esse
1284 1723 1419 1793 lactum
1439 1719 1557 1793 multis
1586 1722 1662 1794 aliis
1692 1721 1906 1794 auctoribus
1940 1722 2036 1817 (jam

139 1886 160 1928 a
196 1855 328 1929 Coelio
365 1856 496 1954 allatis)
532 1859 687 1930 credidit
716 1884 836 1952 eaque
871 1858 1011 1929 ratione
1050 1883 1127 1928 rem
1157 1857 1317 1928 narravit
1348 1855 1438 1951 (Liv.
1459 1856 1598 1943 XXIX,
1623 1852 1817 1946 27¹²*¹³).
1870 1853 2036 1953 Facilius

139 1992 213 2063 hoc
243 1992 325 2064 mihi
355 1992 545 2064 affirmanti
574 1992 785 2073 credideris
815 1992 844 2064 si
873 1993 969 2063 haec
999 1989 1168 2086 exempla
1196 2015 1339 2062 mecum
1369 1991 1682 2063 consideraveris:

352 2152 496 2225 Auctor
537 2171 597 2225 est
640 2154 765 2226 Livius
807 2154 840 2225 in
883 2178 964 2248 cap.
1012 2175 1056 2244 25
1102 2153 1159 2224 lib.
1203 2152 1337 2234 XXIX,
1381 2152 1595 2246 Scipionem
1637 2151 1953 2249 gubernatoribus
1998 2168 2038 2223 ut

140 2288 315 2381 Emporia
343 2304 517 2382 peterent
547 2288 730 2373 edixisse,
760 2303 798 2358 at
825 2284 924 2358 idem
953 2287 1075 2358 Livius
1104 2287 1139 2357 in
1170 2312 1253 2381 cap.
1288 2304 1333 2374 27
1371 2286 1419 2357 ad
1448 2285 1734 2380 promunturium
1769 2284 1965 2357 Pulchrum
2002 2286 2036 2357 in

140 2439 274 2493 terram
304 2447 497 2493 escensum
526 2448 613 2493 esse
642 2437 804 2493 autumat
833 2417 929 2492 nulla
959 2446 1072 2492 causa
1101 2420 1239 2506 addita,
1269 2446 1332 2492 cur
1359 2446 1419 2491 res
1447 2420 1581 2491 exitum
1610 2444 1683 2491 non
1711 2418 1892 2492 babuerit.

354 2581 520 2655 Alterum
551 2586 763 2678 exemplum
801 2584 900 2655 idem
930 2580 1030 2654 locus
1065 2583 1240 2676 praebet,
1281 2608 1356 2677 quo
1385 2578 1535 2653 Coelius
1574 2582 1767 2675 abreptam
1801 2595 2038 2675 tempestate

139 2719 186 2789 ab
216 2717 340 2788 Africa
369 2715 527 2789 classem
557 2718 606 2790 ad
635 2717 786 2790 insulam
816 2717 1057 2815 Aegimurum
1094 2743 1211 2814 aegre
1252 2717 1337 2788 inde
1373 2717 1580 2788 correxisse
1609 2740 1754 2786 cursum
1783 2714 1914 2804 tradit,
1959 2740 2039 2812 quo

140 2866 264 2923 autem
293 2876 435 2922 cursum
484 2853 658 2924 direxerit
698 2879 720 2923 e
764 2877 845 2946 cap.
890 2876 907 2921 2
915 2872 933 2941 5
974 2867 1092 2946 patet,
1135 2854 1169 2924 in
1207 2878 1283 2947 quo
1323 2851 1498 2947 Emporia
1536 2850 1774 2939 tentendisse
1819 2849 2038 2949 Scipionem

141 2986 261 3057 Livius
283 2987 443 3080 exponit.
493 2986 544 3058 nt
572 2987 662 3058 mire
683 2987 871 3081 discrepat
891 2987 1012 3057 Livius
1033 2988 1066 3057 in
1086 3013 1167 3081 cap.
1203 3007 1247 3074 27
1279 2986 1326 3058 ad
1346 2986 1633 3080 promunturium
1653 2982 1845 3056 Pulchrum
1867 2981 2038 3057 classem

142 3121 329 3214 appubsse
359 3146 522 3194 narrans,

355 3255 423 3326 His
452 3257 597 3327 tertium
627 3261 836 3351 exemplum
866 3257 1105 3352 sulsrjungam:

353 3408 522 3479 Eundem
566 3410 643 3479 sine
687 3407 799 3480 dubio
829 3406 994 3479 Coelium
1039 3423 1185 3478 secutus
1226 3407 1346 3475 Livius
1391 3407 1422 3477 in
1466 3432 1546 3499 cap.
1591 3423 1635 3492 27
1668 3430 1812 3474 cursum
1849 3429 1922 3475 non
1953 3404 2038 3478 sine

140 3544 284 3631 magnis
313 3543 482 3637 periculis
512 3569 554 3615 ac
584 3543 783 3614 terroribus
813 3543 946 3613 sactmn
978 3542 1145 3636 exponit,
1188 3556 1440 3612 verumtamen
1483 3566 1563 3634 cap.
1599 3536 1670 3627 27⁴
1700 3538 1822 3609 Livius
1852 3537 1961 3623 dicit,
1994 3564 2039 3613 se

143 3678 298 3747 Graecis
328 3678 542 3772 Latinisque
573 3677 782 3750 auctoribus
810 3676 1033 3757 credidisse,
1072 3701 1291 3770 prosperam
1322 3675 1594 3770 navigationem
1623 3672 1700 3743 sine
1731 3686 1872 3743 terrore
1904 3672 2038 3747 fuisse.

356 3838 498 3931 Quibus
519 3866 565 3911 ex
586 3840 745 3911 fontibus
766 3858 887 3911 autem
914 3837 1066 3910 Coelius
1086 3840 1154 3910 has
1175 3864 1234 3909 res
1255 3837 1448 3932 repetierit
1477 3837 1507 3907 si
1537 3833 1753 3930 intellegere
1781 3835 1848 3918 vis,
1878 3854 2040 3930 reputes

142 3969 247 4043 velim
278 3974 444 4044 Coelium
473 3975 505 4044 in
536 3975 696 4045 fontibus
724 3974 898 4044 habuisse
928 3972 1099 4045 Silenum.
1155 3974 1276 4063 Quem
1304 3972 1464 4043 imitatus
1494 3969 1554 4041 vel
1584 3986 1735 4042 secutus
1756 3966 1921 4053 Coelius
1951 3996 2061 4071 curn‘

145 4107 260 4177 ceteri
290 4132 509 4201 prosperam
538 4111 617 4181 sine
647 4124 789 4179 terrore
819 4134 864 4179 ae
895 4112 1043 4180 tumultu
1079 4107 1190 4178 luisse
1227 4106 1498 4200 navigationem
1533 4104 1780 4198 scripsissent,
1811 4120 1849 4175 ut
1876 4104 1927 4176 de
1956 4104 2040 4177 Sei-

146 4242 256 4335 pione
287 4240 419 4313 similes
449 4245 628 4337 ‹prasdam
664 4244 772 4314 miras
809 4269 868 4313 res
904 4270 946 4314 ac
984 4245 1030 4314 de
1066 4241 1279 4313 Hannibalis
1310 4238 1457 4334 Alpium
1498 4240 1649 4310 transitu
1693 4253 1873 4326 narraret,
1904 4264 2039 4312 omnes

145 4377 332 4446 coelestes
361 4377 632 4471 maritimosque
664 4394 825 4448 terrores
855 4378 935 4472 ejus
972 4403 1085 4447 naues
1124 4402 1209 4446 esse
1245 4400 1448 4470 perpessas
1483 4391 1719 4470 exposuerat,
1748 4354 1808 4445 ita*
1827 4392 1966 4457 tamen,
1998 4391 2038 4445 ut

146 4508 241 4579 nulla
271 4511 372 4580 navis
401 4528 638 4603 mergeretur.
695 4512 773 4583 Sed
804 4513 952 4583 Coelius
990 4538 1064 4605 qno
1100 4527 1180 4582 erat
1213 4511 1287 4581 ueri
1324 4510 1568 4605 investigandi
1606 4508 1729 4578 studio
1764 4509 1797 4580 in
1826 4533 1900 4579 uno
1931 4507 2037 4581 sonte

147 4644 392 4715 exscribendo
422 4670 492 4716 non
522 4647 717 4740 acquievit,
746 4646 814 4717 sed
845 4647 936 4717 alios
965 4647 1013 4716 de
1043 4646 1099 4717 his
1128 4646 1238 4715 rebus
1259 4661 1433 4716 auctores
1449 4645 1484 4714 in
1504 4669 1607 4713 usum
1622 4643 1776 4714 vocavit.
1823 4642 1895 4734 Qui
1910 4657 2037 4715 autem

148 4779 314 4870 permulti
344 4776 389 4848 illi
419 4797 457 4849 et
487 4780 624 4851 Graeci
664 4797 702 4850 et
738 4780 855 4851 Latini
893 4795 1064 4851 auctores
1101 4780 1247 4862 luerint,
1284 4804 1503 4873 quamquam
1537 4793 1674 4848 certum
1706 4775 1879 4872 judicium
1913 4776 1962 4848 de
1994 4777 2037 4850 iis

148 4912 315 5004 prolerre
355 4912 550 4985 admodum
592 4913 734 4985 difficile
777 4929 846 5000 est,
890 4931 1010 4986 tamen
1053 4915 1101 4986 de
1144 4914 1298 4986 Graecis
1340 4939 1410 4985 non
1440 4940 1462 4984 a
1490 4940 1580 4985 vero
1623 4938 1682 4983 me
1727 4912 1901 4983 aberrare
1930 4927 2036 5005 puto,

149 5045 176 5113 si
208 5047 374 5117 Coelium
409 5050 456 5118 <le
501 5048 565 5119 illis
602 5049 713 5119 rebus
751 5048 987 5142 l'olybianum
1038 5074 1132 5142 opus
1182 5049 1386 5142 inspexisse
1434 5048 1592 5123 conicio:
1646 5047 1694 5117 de
1730 5045 1868 5117 Latinis
1911 5063 2044 5119 autem

150 5180 425 5252 Friedersdorff
469 5202 568 5255 recte
620 5182 781 5257 lortasse
830 5182 1017 5257 disseruit,
1069 5208 1148 5253 cum
1201 5184 1247 5253 de
1282 5197 1398 5277 poeta
1445 5180 1567 5275 aliquo
1619 5181 1749 5252 latino
1797 5181 2037 5275 cogitaverit.
