4364 5858
365 526 497 620 Neque
527 525 642 596 minus
671 527 797 597 dubito
829 518 913 622 quin
943 527 1038 599 aliud
1069 528 1283 600 Coelianum
1319 530 1584 625 fragmentum,¹
1608 528 1710 620 quod
1744 525 1864 596 Livius
1893 523 2030 607 XXIX,

145 683 195 751 25
233 662 316 702 ³-4
345 661 482 732 diserte
513 660 696 748 indicavit,
734 662 782 732 ad
819 663 978 734 Silenum
1017 678 1181 756 spectet:
1225 661 1413 747 »Coelius
1447 679 1484 735 ut
1517 662 1675 733 abstinet
1708 684 1875 742 numero,
1906 659 1956 729 ita
1984 657 2032 728 ad

140 797 363 866 immensum
392 793 625 867 multitudinis
653 795 818 889 speciem
853 813 982 892 auget:
1018 794 1189 869 volucres
1225 798 1273 868 ad
1311 815 1447 870 terram
1481 795 1655 892 delapsas
1693 791 1850 865 elamore
1888 793 2032 864 militum

143 930 199 1001 ait
232 944 345 1025 atque
383 944 521 1001 tantam
556 927 819 1002 multitudinem
853 930 1116 1003 conscendisse
1154 957 1277 1015 naves
1314 950 1352 1004 ut
1388 957 1496 1004 nemo
1533 927 1739 1002 mortalium
1773 943 1834 1000 aut
1866 928 1900 999 in
1930 926 2034 1018 Jtalia

143 1063 263 1136 autin
278 1061 399 1136 Sicilia
427 1063 578 1158 relinqui
594 1063 813 1136 videretur«
873 1066 1016 1138 Tamen
1046 1067 1182 1152 Livius,
1213 1067 1376 1162 quamvis
1405 1067 1476 1137 hoc
1506 1063 1590 1137 loco
1621 1092 1642 1135 a
1663 1062 1792 1137 Coelio
1818 1087 1904 1134 esse
1934 1087 2033 1133 rece-

142 1199 310 1271 dendum
353 1199 461 1285 dicat,
506 1198 540 1270 in
582 1199 704 1293 eapite
748 1200 1008 1284 antecedente,
1051 1226 1125 1295 quo
1169 1203 1216 1274 de
1260 1200 1605 1296 praeparationibus
1645 1201 1693 1270 ad
1721 1197 1972 1294 trajiciendum
2000 1193 2034 1267 in

143 1333 311 1406 Africam
340 1333 541 1405 exercitum
570 1334 676 1405 factis
706 1334 845 1429 agitur,
876 1335 953 1430 jam
990 1333 1116 1407 similia
1155 1336 1202 1407 de
1233 1336 1456 1408 multitudine
1494 1333 1675 1430 Scipionis
1704 1331 1852 1404 militum
1880 1330 2034 1420 navium-

141 1495 219 1565 que
249 1468 463 1563 scripserat,
494 1492 590 1562 quae
622 1469 671 1539 ad
705 1468 820 1561 ipsum
858 1466 1024 1541 Coelium
1063 1471 1248 1564 pertinere
1278 1471 1467 1557 videntur3
1507 1470 1594 1541 dicit
1623 1468 1719 1540 enim
1747 1466 1872 1538 Livius
1900 1464 2035 1541 XXIX.

146 1600 255 1693 24¹⁰:
289 1601 490 1698 »quidquid
518 1599 668 1673 militum
697 1601 914 1698 naviumque
946 1603 979 1673 in
1009 1602 1128 1676 Sicilia
1159 1623 1239 1677 erat
1269 1629 1349 1677 cum
1379 1601 1592 1698 Lilybaeum
1622 1601 1869 1687 convenisset,
1901 1615 1940 1671 et
1966 1623 2035 1669 nec

142 1740 236 1811 urbs
265 1737 527 1810 multitudinem
555 1736 736 1808 hominum
765 1762 886 1832 neque
916 1754 1045 1832 portus
1082 1765 1200 1811 naves
1230 1754 1419 1833 caperet«.
1450 1785 1500 1792 -
1530 1738 1650 1812 Livius
1679 1737 1787 1832 igitur
1816 1735 1893 1805 sine
1924 1732 2036 1804 dubio

141 1875 183 1947 in
212 1899 243 1946 c.
277 1897 324 1962 24
354 1873 518 1945 Coelium
548 1890 634 1945 ante
665 1876 792 1945 oculos
820 1873 956 1951 habuit,
986 1892 1113 1946 contra
1142 1875 1175 1945 in
1205 1901 1233 1945 c.
1267 1895 1310 1965 25
1348 1874 1502 1945 easdem
1531 1898 1591 1944 res
1621 1897 1713 1968 quas
1741 1871 1776 1942 in
1805 1893 1834 1939 c.
1868 1892 1914 1957 24
1944 1893 2037 1938 com-

142 2033 357 2080 memorare
387 2032 461 2105 non
489 2023 686 2102 respuerat
714 2034 799 2079 esse
834 2009 1053 2104 rejiciendas
1083 2009 1217 2080 scribit.
1275 2009 1346 2099 Qui
1373 2023 1496 2081 autem
1524 2006 1600 2079 fieri
1627 2003 1798 2100 potuerit,
1824 2018 1863 2074 ut
1889 2000 2039 2072 Coelius

143 2157 344 2238 tantopere
374 2142 424 2214 ad
453 2143 670 2213 immensum
712 2141 944 2215 multitudinis
974 2169 1128 2238 quacum
1165 2143 1376 2238 Scipionem
1413 2142 1460 2215 ad
1491 2141 1638 2213 Africae
1675 2164 1761 2210 oras
1790 2133 2038 2231 appellentem

145 2279 238 2352 feeit
263 2277 428 2373 speciem
460 2291 617 2372 augeret
645 2291 682 2348 et
711 2277 744 2348 in
774 2274 974 2349 fabularum
1007 2277 1155 2350 modum
1192 2294 1390 2350 exornaret
1417 2302 1484 2348 nos
1526 2272 1624 2348 nullo
1655 2272 1726 2345 alio
1757 2270 1870 2343 modo
1898 2266 2034 2341 intelle-

144 2439 243 2509 gere
284 2413 450 2496 fatemur,
498 2411 563 2482 nisi
616 2411 664 2482 de
715 2409 839 2483 Sileno
889 2412 1006 2483 Coelii
1057 2413 1158 2485 fonte
1206 2411 1419 2505 cogitamus.
1503 2409 1598 2481 Nam
1652 2407 1822 2503 scriptori
1870 2409 2039 2476 Romano

147 2574 216 2621 cur
244 2547 373 2643 copias
402 2547 452 2618 ita
481 2545 528 2618 ad
556 2547 771 2617 immensum
809 2546 972 2618 auxisset
1008 2543 1103 2617 nulla
1136 2571 1290 2641 prorsus
1324 2571 1437 2617 causa
1472 2544 1545 2616 fuit.
1583 2587 1632 2596 -
1668 2543 1756 2638 Ejus
1791 2539 1893 2611 modi
1926 2540 2040 2610 verba

148 2707 223 2755 nos
252 2707 300 2754 eo
330 2681 527 2764 adducunt,
557 2695 595 2756 ut
623 2681 827 2776 opinemur,
857 2707 937 2753 cum
970 2709 992 2752 a
1030 2695 1130 2752 tanta
1166 2681 1414 2751 Romanorum
1451 2677 1674 2749 multitudine
1712 2674 2041 2771 Carthaginienses

147 2816 299 2890 summis
341 2816 476 2888 viribus
514 2817 731 2888 resistentes
765 2816 869 2886 facile
908 2815 1018 2887 fuisse
1056 2815 1275 2899 vincendos,
1311 2831 1385 2886 tum
1423 2813 1613 2885 Romanos
1654 2826 1808 2905 propter
1854 2811 2041 2880 desertam

150 2949 312 3024 Siciliam
337 2949 552 3045 Jtaliamque
586 2951 739 3021 maxime
777 2965 1008 3022 extenuatos,
1066 2949 1157 3039 Quis
1192 2949 1300 3045 igitur
1332 2949 1425 3020 hanc
1464 2947 1673 3040 opinionem
1702 2944 1925 3039 divulgatam
1955 2968 2040 3013 esse

149 3086 279 3173 voluit,
309 3085 374 3157 nisi
403 3084 561 3171 Silenus,
584 3083 796 3156 Hannibalis
825 3110 962 3170 comes,
994 3083 1205 3170 admirator,
1236 3080 1414 3165 laudator,
1443 3082 1504 3177 qui
1531 3082 1597 3152 sibi
1642 3094 1889 3174 proposuerat
1910 3076 2042 3147 Hanni-

151 3216 247 3292 balis
290 3216 436 3292 cladem
479 3221 682 3292 excusare?
738 3220 868 3313 ltaque
906 3217 990 3289 illud
1027 3219 1269 3314 fragmentum
1308 3218 1354 3288 ad
1388 3214 1552 3289 Silenum
1589 3230 1774 3287 auctorem
1804 3227 1975 3307 spectare
2005 3225 2044 3281 et

153 3352 322 3427 Coelium
354 3355 449 3427 hunc
480 3352 599 3426 locum
635 3382 656 3424 a
693 3352 816 3425 Sileno
851 3369 1072 3424 mutuantem
1109 3352 1230 3448 aliquo
1259 3352 1372 3423 modo
1405 3351 1624 3422 dormitasse
1663 3345 1923 3443 intellegimus,
1961 3370 2043 3416 cunr

152 3488 241 3562 illud
267 3490 378 3563 Sileni
408 3488 593 3561 eonsilium
623 3515 692 3560 non
723 3490 889 3560 senserit.
943 3489 1020 3582 Jam
1049 3512 1118 3582 pro
1156 3490 1350 3581 explorato
1394 3487 1579 3581 ponimus,
1625 3482 1804 3579 quidquid
1839 3481 1962 3551 Livius
1994 3479 2043 3551 de

152 3624 339 3718 Scipionis
386 3624 423 3697 in
469 3623 630 3695 Africam
682 3624 833 3695 transitu
875 3624 1077 3694 memoriae
1111 3621 1274 3715 prodidit
1312 3623 1359 3691 ad
1400 3618 1578 3701 Coelium,
1621 3616 1694 3689 scil.
1769 3614 1931 3688 Silenum
1969 3615 2044 3684 fon-

153 3774 233 3830 tem
261 3759 467 3855 primarium
496 3783 583 3831 esse
614 3758 869 3831 referendum
911 3759 952 3850 ln
981 3758 1072 3829 fines
1101 3757 1232 3852 quibus
1252 3758 1308 3828 hic
1344 3758 1424 3827 fons
1453 3756 1552 3850 apud
1583 3756 1719 3826 Livium
1748 3749 2044 3843 circumscriptus

154 3894 204 3965 sit
234 3894 313 3990 jam
347 3894 627 3966 Friedersdorff
661 3895 856 3988 inquisivit3
906 3893 966 3987 qui
999 3893 1090 3963 satis
1126 3919 1167 3963 se
1204 3891 1387 3963 indicasse
1425 3890 1626 3972 contendit,
1655 3886 1843 3983 pertinere
1874 3885 1922 3955 ad
1951 3884 2043 3955 illum

157 4029 296 4100 fontem
326 4029 417 4100 Livii
446 4029 566 4124 capita
604 4031 757 4120 25--28
794 4055 912 4123 usrpre
948 4030 997 4099 ad
1034 4030 1152 4097 verba
1194 4026 1402 4120 »vigilatum
1440 4042 1544 4107 cst«,
1589 4049 1672 4095 cum
1701 4019 1848 4093 nonulla
1884 4045 1982 4114 quae
2011 4018 2044 4087 in

153 4164 213 4235 his
242 4163 423 4258 capitibus
453 4180 609 4249 exstent,
640 4179 848 4259 repugnent
877 4179 915 4233 et
942 4163 984 4234 iis
1014 4190 1110 4257 quae
1141 4162 1367 4235 antecedant
1396 4176 1434 4232 et
1462 4161 1503 4230 iis
1533 4186 1629 4254 quae
1659 4173 1868 4251 sequantur.
1923 4155 2045 4244 Quam

156 4299 379 4372 sententiam
432 4325 504 4371 non
552 4298 765 4379 laudamus3
829 4324 910 4368 nam
962 4297 1081 4368 Coelii
1126 4296 1285 4392 vestigia
1341 4320 1452 4388 supra
1513 4295 1590 4389 jam
1646 4292 1679 4363 in
1730 4290 1848 4386 capite
1899 4302 2045 4358 antece-

157 4432 272 4506 dente
306 4459 352 4524 24
386 4432 415 4476 ¹⁰
443 4436 594 4506 scrutati
623 4460 756 4513 sumus,
788 4459 908 4527 neque
940 4434 987 4503 de
1007 4432 1058 4504 'iis
1088 4458 1185 4525 quae
1216 4430 1315 4524 apud
1345 4430 1484 4501 livium
1513 4429 1547 4499 in
1571 4454 1601 4499 e.
1628 4429 1673 4496 28
1699 4425 1726 4467 ¹¹
1747 4440 1785 4496 et
1812 4449 1858 4513 29
1888 4447 2046 4516 sequun-

158 4588 218 4642 tur
245 4569 405 4641 eandem
435 4596 477 4640 ac
512 4568 791 4640 Friedersdorff
832 4568 1051 4639 sententiam
1098 4566 1204 4660 sequi
1255 4589 1459 4659 possumus.
1526 4563 1624 4633 Dicit
1661 4561 1756 4632 enim
1805 4560 1864 4630 ille
1909 4557 2046 4628 Livium
2116 4638 2122 4653 .

158 4706 194 4776 in
225 4729 255 4777 c.
289 4707 335 4774 28
366 4730 388 4775 a
416 4703 541 4775 verbis
576 4720 749 4799 »postero
779 4703 826 4774 de
847 4703 1069 4795 nequires,
1100 4717 1193 4771 ete«
1241 4701 1288 4771 ad
1322 4697 1416 4773 illum
1450 4723 1559 4793 quem
1593 4720 1822 4767 communem
1855 4719 1942 4763 esse
1972 4691 2046 4762 fon-

158 4858 233 4912 tem
262 4839 351 4910 dicit
390 4838 525 4925 redire,
555 4839 640 4934 quia
668 4837 727 4909 illa
762 4782 821 4908 reli
856 4862 1007 4932 prorsus
1043 4849 1226 4931 repugnet
1257 4834 1299 4904 iis
1335 4859 1432 4929 quae
1463 4832 1583 4902 livius
1611 4831 1645 4902 in
1674 4856 1702 4900 c.
1737 4831 1782 4899 28
1815 4828 1838 4913 ¹,
1870 4841 1940 4897 ete.
1971 4840 2040 4896 tra-

159 4974 242 5064 dat3
271 4999 354 5047 nam
382 4998 463 5046 cum
498 4974 532 5045 in
573 4998 605 5045 c.
647 4992 692 5062 27
734 4973 761 5015 ¹³
797 4988 982 5043 narratum
1015 4972 1062 5042 sit
1104 4973 1293 5041 Romanos
1343 4969 1376 5038 in
1411 4985 1545 5039 terram
1581 4991 1667 5038 esse
1702 4987 1882 5057 egressos
1918 4986 2047 5032 omnes

159 5125 273 5207 atque
302 5110 337 5181 in
366 5136 396 5182 c.
431 5111 477 5180 28
514 5111 524 5153 ¹
552 5109 588 5180 in
616 5109 789 5204 proximis
819 5104 959 5178 tumulis
989 5132 1057 5177 eos
1087 5122 1208 5177 castra
1228 5130 1313 5177 esse
1335 5118 1506 5181 metatos,
1536 5104 1682 5173 Poenos
1703 5113 1824 5168 autem
1844 5111 2048 5189 conspectu

159 5247 345 5327 exercitus
380 5247 529 5319 territos
573 5247 615 5343 (c.
658 5247 703 5314 28
737 5242 762 5343 ²)
803 5244 994 5339 portisque
1040 5239 1171 5313 clausis
1211 5244 1255 5335 (e.
1290 5241 1335 5309 28
1369 5242 1394 5331 ²⁸)
1429 5239 1601 5335 impetum
1636 5248 2047 5330 exspectasse--—‹prcm
