4364 5858
812 612 1194 695 ,--..,.,.9.-,,.,,.

75 834 163 883 esse
193 824 381 881 auctorem
409 806 567 880 omnium
588 832 708 881 rerum
735 822 939 909 'cognosset
968 819 1102 901 postea
1126 821 1200 879 tam
1228 806 1449 903 praestantis
1478 786 1586 880 sontis
1615 833 1720 880 usum
1743 824 1817 881 tam
1845 806 1954 882 arctis

74 943 204 1015 linibus
232 944 473 1015 coerciturum
501 942 613 1015 luisse
643 960 755 1039 atque
784 970 866 1016 cum
895 970 977 1017 eum
1008 966 1076 1037 per
1104 955 1219 1013 totam
1247 941 1303 1013 ΙΙΙ.
1338 942 1522 1015 decadem
1555 942 1859 1015 conscribendam
1888 968 1959 1015 non

75 1075 194 1149 solum
222 1078 256 1149 in
292 1078 403 1149 rebus
432 1077 601 1165 Graecis,
631 1079 700 1149 sed
738 1078 848 1151 etiam
877 1079 912 1151 in
946 1078 1056 1149 rebus
1082 1072 1216 1169 Jtalicis
1246 1074 1395 1147 Gallicis
1419 1075 1570 1169 Jbericis
1599 1076 1732 1149 Africis
1770 1076 1960 1149 tradendis

76 1212 303 1307 potissimum
340 1228 487 1283 secutus
524 1228 639 1297 esset,
679 1213 713 1284 in
747 1213 1012 1308 posterioribus
1047 1210 1171 1304 operis
1214 1210 1390 1305 partibus,
1437 1210 1640 1282 decadibus
1674 1212 1722 1282 Ν
1751 1229 1790 1283 et
1818 1211 1864 1297 V,
1902 1211 1961 1283 illo

75 1365 224 1421 auctore
254 1364 327 1419 tam
359 1346 538 1417 luculento
567 1347 600 1417 in
630 1348 717 1417 solis
744 1348 856 1418 rebus
876 1348 1105 1418 Graecorum
1137 1344 1326 1417 narrandis
1347 1344 1380 1415 in
1409 1345 1527 1439 iisque
1557 1345 1628 1418 alia
1647 1371 1797 1441 prorsus
1819 1346 1959 1417 ratione

75 1499 187 1577 atque
217 1484 250 1554 in
280 1482 459 1576 prioribus
488 1506 633 1552 usurum
665 1482 776 1552 luisse
808 1481 900 1576 (Liu.
930 1480 1050 1565 XXX,
1088 1504 1143 1565 1o,
1181 1480 1266 1571 ro).

290 1619 317 1686 1³
321 1616 411 1688 acile
429 1617 523 1688 cnim
540 1618 676 1711 poterit
690 1616 863 1709 cognosci
880 1615 1114 1710 probarique,
1132 1613 1318 1685 Liuianum
1334 1638 1453 1709 genus
1469 1614 1650 1686 scribendi
1668 1632 1705 1687 et
1724 1618 1960 1687 convertendi

77 1776 286 1821 sermonem
317 1749 566 1846 Polybiamun,
596 1751 697 1845 quod
727 1752 759 1822 in
789 1749 994 1821 decadibus
1024 1748 1072 1819 lV
1102 1764 1139 1818 ct
1167 1748 1202 1816 V
1240 1748 1454 1842 reperimus,
1494 1750 1640 1819 omniuo
1679 1748 1835 1821 alienum
1873 1777 1960 1823 esse

78 1885 126 1955 ab
163 1909 222 1974 eo,
259 1912 332 1979 quo
366 1911 426 1955 res
462 1885 642 1979 Scipionis
678 1901 877 1955 narrantur.
942 1884 1036 1955 Nam
1075 1884 1226 1977 primum
1263 1884 1291 1953 si
1327 1883 1467 1953 livium
1497 1884 1613 1977 ipsum
1643 1911 1772 1956 omncs
1807 1885 1961 1957 decadis

78 2018 120 2088 lll
161 2035 287 2112 partes
339 2044 435 2113 quae
485 2045 566 2090 cum
609 2018 762 2113 Polybio
813 2018 1004 2089 concinunt
1067 2044 1112 2087 es
1163 2042 1211 2087 eo
1264 2017 1412 2087 duxisse
1468 2019 1654 2111 ponimus,
1719 2020 1864 2090 omnino
1914 2020 1962 2089 in-

78 2150 202 2243 tellegi
238 2154 365 2246 nequit
419 2153 479 2247 qui
517 2153 592 2225 fieri
640 2154 819 2248 potuerit,
870 2169 908 2223 ut
952 2152 1073 2221 Livius
1115 2152 1148 2221 in
1189 2152 1230 2221 lll
1275 2150 1419 2222 decade
1466 2152 1661 2224 scribenda
1704 2151 1842 2247 Polybii
1888 2178 1961 2257 ser-

78 2312 223 2357 monem
253 2286 323 2358 alia
352 2313 473 2383 eaque
503 2286 615 2359 multo
636 2286 787 2358 meliore
818 2303 854 2358 et
873 2286 1097 2357 accuratiore
1128 2287 1267 2357 ratione
1297 2278 1407 2380 quam
1434 2287 1728 2382 insequentibus
1757 2287 1961 2359 decadibus

77 2420 124 2489 lV
167 2436 206 2491 et
246 2421 279 2489 V
319 2423 350 2492 in
394 2422 561 2493 latinam
595 2423 797 2493 orationem
847 2435 1027 2506 verteret,
1074 2422 1292 2513 praesertim
1335 2446 1413 2491 cum
1463 2448 1484 2491 a
1526 2420 1701 2492 Nissenio
1750 2421 1960 2507 doceamur,

76 2552 214 2623 Livium
252 2581 331 2625 cum
361 2555 563 2649 progressu
593 2556 716 2649 operis
750 2554 878 2626 melius
914 2552 1118 2647 meliusque
1157 2571 1273 2625 artem
1312 2555 1571 2648 interpretandi
1609 2554 1850 2649 Polybianum
1888 2580 1962 2625 ser-

76 2712 223 2759 monem
253 2688 438 2762 didicisse.

292 2823 372 2894 lluc
402 2824 557 2908 accedit,
587 2824 686 2919 quod
716 2822 814 2917 apud
845 2823 983 2893 livium
1013 2820 1050 2904 tl.
1088 2822 1214 2907 XXX)
1258 2822 1423 2895 nonnulla
1467 2824 1700 2909 inveniuntur,
1731 2850 1828 2919 (prae
1862 2824 1960 2919 apud

77 2953 266 3049 Polybium
312 2955 347 3049 (l.
379 2956 464 3027 Xlll
508 2973 546 3027 et
574 2958 660 3051 XV)
706 2973 769 3028 aut
810 2983 879 3027 non
922 2955 1090 3051 leguntur
1132 2971 1194 3027 aut
1236 2954 1340 3028 aliter
1382 2974 1587 3039 narrantum
1631 2957 1666 3027 id
1696 2958 1796 3052 quud
1834 2958 1960 3052 paucis

74 3088 255 3184 exemplis
285 3092 512 3185 probandum
543 3092 621 3162 erit.
680 3091 827 3160 Librum
857 3089 983 3159 XXIX
1013 3089 1175 3183 quidem,
1212 3116 1293 3161 cum
1322 3089 1452 3162 millum
1483 3090 1668 3186 Polybiani
1707 3091 1830 3187 operis
1867 3091 1961 3187 frag-

74 3239 236 3294 mentum
267 3228 313 3295 ad
343 3225 630 3318 comparandum
659 3240 799 3301 exstet.
843 3224 988 3295 missum
1025 3225 1198 3295 iaciamus
1237 3240 1275 3293 et
1313 3242 1542 3296 transcamus
1579 3226 1627 3296 ad
1662 3224 1790 3297 librum
1833 3225 1960 3311 XXX,

75 3358 162 3451 quia
214 3358 420 3453 fragmenta
458 3356 657 3451 Polybiana
695 3374 841 3429 exstant
869 3374 942 3428 tam
972 3359 1140 3452 copiosa,
1175 3358 1389 3451 quibuscum
1420 3375 1496 3431 tota
1526 3360 1603 3430 sere
1632 3360 1812 3454 Scipionis
1841 3385 1961 3431 rerum

77 3492 237 3563 narratio
266 3492 363 3586 apud
394 3491 536 3562 Livium
567 3490 720 3562 conferri
750 3492 877 3585 possit.

293 3626 419 3721 lltquc
460 3624 612 3720 primum
648 3626 796 3719 quidem
834 3627 902 3697 erit
937 3627 1170 3713 innuendum,
1212 3625 1400 3720 Polybium
1436 3652 1613 3723 nusquam
1643 3627 1821 3714 attulisse,
1864 3655 1960 3726 quae.

74 3760 183 3855 signa
206 3758 372 3830 militaria
406 3776 532 3831 esseut
560 3775 681 3854 capta,
713 3760 850 3831 Livium
881 3776 1002 3831 mrtem
1032 3759 1170 3831 scilicet
1198 3762 1279 3855 ejus
1307 3776 1494 3831 auctorem
1524 3762 1594 3833 lroc
1624 3762 1756 3835 fecisse
1794 3764 1962 3836 videmus

78 3892 158 3963 Liv.
188 3890 247 3963 lib.
277 3893 401 3981 XXX,
431 3920 538 3988 capp.
570 3900 592 3963 6
622 3911 660 3965 et
690 3916 735 3984 35
768 3910 806 3965 et
836 3900 893 3985 36.

291 4026 424 4123 Legati
446 4028 801 4124 Carthaginiensium
831 4027 879 4098 ad
910 4054 1040 4122 pacem
1061 4028 1268 4122 petendam
1288 4029 1445 4100 Romam
1475 4030 1574 4101 missi
1603 4056 1624 4101 a
1659 4046 1787 4103 senatu
1828 4032 1961 4103 Roma-

76 4184 218 4243 norum,
248 4160 276 4231 si
308 4160 446 4231 Livium
476 4162 675 4255 sequimur,
711 4186 824 4255 »pace
868 4162 1000 4232 inlecta
1030 4188 1071 4233 ac
1115 4188 1230 4256 propo
1274 4163 1352 4233 sine
1396 4189 1598 4259 responso«
1646 4165 1784 4235 dimissi
1828 4164 1962 4255 sunt;*)

74 4312 244 4367 senatum
279 4296 381 4389 pacis
425 4296 531 4389 leges
569 4321 589 4366 a
620 4295 791 4389 Scipione
820 4320 1019 4367 concessas
1053 4297 1185 4367 iecisse
1216 4311 1314 4368 ratas
1335 4296 1508 4391 Polybius
1538 4296 1559 4369 l.
1581 4298 1665 4379 XV,
1696 4325 1777 4393 cap.
1814 4324 1826 4369 1
1861 4316 1900 4371 et
1938 4326 1962 4389 4

76 4442 206 4499 auctor
235 4443 304 4500 est.

291 4561 412 4633 liuius
441 4561 463 4636 l.
485 4562 608 4649 XXX,
638 4590 719 4658 cap.
754 4588 798 4653 23
830 4565 950 4651 tradit,
973 4564 1330 4661 Carthaginiensium
1351 4563 1496 4661 legatos
1525 4591 1546 4635 a
1575 4564 1623 4657 Ω
1654 4565 1779 4638 Fulvio
1816 4567 1960 4641 Gillone

75 4695 259 4790 Scipionis
289 4694 415 4791 legato
444 4697 812 4792 Ronram'adductos
841 4698 1002 4794 indeque
1032 4699 1064 4769 in
1094 4699 1253 4769 lllricam
1284 4698 1440 4769 reduces
1470 4724 1557 4770 esse
1575 4700 1761 4779 redditos;
1790 4701 1961 4797 Polybius

76 4854 124 4901 ne
156 4856 288 4902 nomeu
320 4830 470 4925 quidem
499 4830 611 4902 Fulvii
640 4834 951 4906 commemoravit.

291 4964 403 5063 Apud
447 4965 585 5037 Livium
631 4966 769 5061 (XXX,
812 4993 893 5061 cap.
939 4966 1001 5059 37)
1045 4967 1146 5061 pacis
1188 4963 1344 5063 legibus,
1387 4991 1594 5061 quaecum
1630 4966 1792 5062 Polybio.
1811 4994 1961 5063 prorsus

75 5097 318 5187 consentiunt,
349 5098 564 5171 indutiarum
592 5100 826 5172 condiciones
855 5100 1060 5189 adduntur3
1103 5101 1151 5172 de
1181 5102 1313 5195 quibus
1342 5100 1440 5195 apud
1475 5099 1662 5195 Polybium
1692 5101 1737 5172 nil
1769 5104 1958 5197 reperitur.

290 5230 402 5327 Apud
439 5232 579 5304 Livium
625 5233 660 5329 (l.
698 5234 822 5320 XXX,
861 5260 930 5328 cap
972 5238 1034 5329 37)
1073 5234 1240 5305 videmus
1278 5234 1470 5328 scriptum:
1514 5260 1622 5329 »pars
1660 5237 1841 5309 exercitus
1878 5264 1959 5311 cum

290 5516 321 5599 *y
345 5518 382 5579 cf.
408 5520 488 5580 Livii
512 5518 579 5581 libr.
603 5520 704 5589 XXX.
730 5542 800 5601 cap.
827 5538 865 5601 23
891 5532 924 5585 ct
948 5538 999 5599 30.
1027 5558 1079 5585 -.
