4364 5858
1146 304 1188 408 u

964 424 1134 431 -υ-
1143 425 1165 430 .-
1199 425 1219 429 -.
1251 424 1289 429 ..-.
1299 422 1381 430 —..-.-..

234 560 454 637 sequeretur
487 557 525 613 et
561 542 779 640 imitaretur,
817 540 1059 613 vehementer
1094 540 1292 635 quaeritur,
1330 552 1413 612 nu'm
1449 537 1599 613 Coelius
1636 541 1756 614 statim
1803 543 1850 616 ab
1890 542 1989 614 initio
2036 566 2120 614 cum

225 704 320 776 opus
350 704 452 749 suum
482 702 706 771 componere
737 677 936 774 coepisset,
975 674 1214 769 I'olybianum
1251 699 1344 771 opus
1379 674 1578 770 inspexerit
1613 692 1652 746 et
1684 676 1778 748 hunc
1813 676 1930 749 Iocum
1967 677 2119 774 legerit.

227 812 307 884 lluc
336 813 479 884 accedit
507 812 608 907 quod
636 810 807 906 Polybius
838 810 891 897 III,
923 829 970 899 47
1003 835 1073 911 non
1103 809 1210 898 affert
1228 807 1341 881 Sileni
1363 835 1507 897 nomen,
1529 809 1599 881 sed
1620 809 1792 906 Sosylnm
1813 810 1930 885 solum
1952 812 2121 885 Chaere-

227 973 361 1041 amque
391 963 584 1041 nuncupat,
614 946 651 1017 id
680 946 780 1041 qnod
808 944 952 1016 videtur
982 944 1114 1015 secisse
1145 959 1345 1041 propterea
1375 943 1475 1038 quod
1500 942 1662 1016 Silenum
1691 946 1885 1041 potiorem,
1914 944 2121 1021 illos'dete·

225 1081 342 1152 riores
384 1081 582 1176 scriptores
624 1080 818 1152 censuerit.
876 1078 975 1171 Quid
1017 1093 1140 1149 autem
1184 1095 1260 1164 est,
1304 1078 1405 1174 quod
1449 1078 1616 1151 Coelium
1657 1081 1837 1177 coegerit,
1881 1098 1919 1154 ut
1960 1109 2062 1182 quae
2099 1110 2123 1156 a

224 1212 379 1309 Polybio
421 1215 469 1287 de
503 1212 640 1308 Sosylo
680 1215 927 1309 Chaereaque
964 1213 1062 1286 dicta
1097 1228 1245 1297 essent,
1286 1214 1395 1285 etiam
1433 1213 1466 1286 in
1508 1213 1670 1287 Silenum
1710 1216 1884 1289 referret?
1937 1217 2122 1290 Nimirum

227 1375 355 1420 omnes
384 1348 462 1420 lere
491 1350 659 1421 homines
690 1348 786 1420 docti
817 1349 875 1445 qui
922 1347 970 1418 de
1001 1346 1131 1419 Coelio
1162 1348 1385 1442 scripserunt
1425 1348 1459 1419 in
1486 1373 1533 1420 eo
1562 1350 1789 1439 conveniunt,
1819 1352 1918 1449 quod
1947 1351 2123 1424 Coelium

225 1483 259 1553 in
287 1483 454 1554 omnibus
483 1483 537 1554 sni
566 1468 689 1578 operis
719 1483 882 1578 partibus
911 1509 1022 1579 qnam
1047 1482 1204 1555 maxime
1235 1483 1284 1554 ad
1313 1482 1475 1555 Silenum
1504 1510 1546 1556 se
1576 1482 1796 1580 applicuisse
1833 1482 2016 1583 putant*),
2047 1486 2152 1559 hac-

225 1618 406 1690 sententia
445 1618 513 1688 nixi
561 1616 621 1689 illo
668 1617 910 1690 Ciceroniano
956 1615 1039 1688 Ioco
1084 1617 1146 1711 (de
1190 1616 1296 1690 divin.
1342 1619 1375 1704 1,
1427 1617 1548 1713 24⁴⁹):
1624 1620 1728 1691 »Hoc
1771 1621 1857 1692 item
1904 1621 1939 1693 in
1980 1619 2121 1708 Sileni,

226 1778 337 1848 quem
380 1753 544 1848 sequitur
586 1752 752 1840 Coelius
806 1754 954 1826 Graeca
1002 1752 1151 1824 historia
1193 1766 1270 1838 est,
1318 1753 1347 1823 is
1391 1769 1513 1824 autern
1556 1751 1834 1850 diligentissime
1883 1780 1944 1826 res
1981 1754 2123 1827 Hanni-

226 1885 317 1958 balis
352 1903 570 1982 persecutus
611 1903 703 1960 est«
775 1887 893 1959 Recte
936 1884 1035 1958 solus
1071 1884 1227 1958 Meltzer
1270 1864 1318 1958 ad
1364 1887 1457 1959 hunc
1497 1885 1614 1959 locum
1658 1887 1846 1961 adnotavit
1889 1891 1991 1985 (pag.
2042 1889 2122 1984 28),

225 2023 339 2093 verba
376 2021 623 2094 Ciceroniana
670 2047 803 2117 »quem
847 2021 1010 2119 sequitur
1052 2018 1223 2092 Coelius«
1276 2046 1346 2092 non
1395 2020 1443 2092 ad
1494 2036 1608 2092 toturn
1651 2021 1768 2095 Coelii
1807 2048 1917 2118 opus,
1956 2023 2028 2095 sed
2070 2024 2123 2095 ad

225 2155 325 2227 solas
361 2181 427 2227 eas
460 2156 709 2242 narrationes,
758 2181 852 2251 quas
886 2154 1019 2227 Cicero
1067 2153 1243 2241 attulerit,
1288 2155 1486 2250 respicere.
1551 2155 1740 2228 Profectus
1789 2156 1837 2229 ab
1879 2155 1964 2244 illis,
2017 2182 2121 2251 quae

225 2288 382 2361 Meltrer
428 2289 476 2362 de
528 2288 588 2361 illo
630 2289 872 2362 Ciceroniano
914 2288 996 2360 loco
1039 2290 1282 2386 cogitaverat,
1321 2288 1654 2383 Friedersdorff**)
1709 2288 1805 2363 aliis'
1834 2290 1951 2389 iisque
1992 2292 2133 2364 certis.

225 2424 325 2495 simis
371 2425 587 2497 testimoniis
635 2424 905 2521 comprobavit,
954 2423 1121 2496 Coelium
1173 2448 1243 2496 non
1286 2449 1435 2519 semper
1476 2423 1636 2496 Silenum
1685 2449 1772 2496 esse
1815 2439 1999 2509 secutum,
2046 2424 2121 2497 sed

227 2559 260 2629 in
288 2561 546 2654 componendo
581 2586 697 2656 opere
733 2557 941 2654 complures
975 2560 1095 2631 sontes
1132 2584 1344 2653 usurpasse.
1401 2556 1584 2629 Addimus
1620 2556 1686 2630 illis
1717 2558 1935 2630 testimoniis
1962 2584 1986 2631 a
2017 2558 2121 2631 Frie-

229 2692 449 2767 dersdorffio
477 2693 627 2790 prolatis
658 2692 753 2766 illum
783 2693 971 2765 Livianum
993 2691 1122 2763 'locum
1156 2691 1229 2786 (lib.
1266 2692 1417 2779 XXVII,
1452 2713 1511 2783 27,
1544 2690 1600 2785 ¹¹),
1637 2695 1697 2789 qui
1727 2693 1775 2765 de
1804 2690 1968 2764 Marcelli
1997 2710 2123 2766 morte

231 2826 409 2928 triplicem
437 2845 571 2925 gestae
601 2829 653 2901 rei
682 2828 849 2900 ordinem
870 2852 892 2898 a
912 2826 1044 2899 Coelio
1072 2827 1209 2898 editum
1239 2827 1416 2898 certiores
1444 2853 1512 2898 nos
1542 2828 1637 2906 lacit,
1668 2852 1775 2898 unam
1805 2827 1974 2899 traditam
2005 2827 2123 2913 sama,

227 2959 380 3034 alteram
410 2964 582 3058 scriptam
611 2960 821 3037 laudatione
842 2960 912 3050 filii,
933 2962 993 3060 qui
1014 2961 1066 3032 rei
1085 2978 1219 3057 gestae
1249 2962 1483 3050 interfuisset,
1513 2963 1656 3034 tertiam
1687 2988 1797 3059 quam
1827 2961 1907 3057 ipse
1931 2960 2121 3061 (Coelius)

226 3123 293 3192 pro
321 3098 490 3194 inquisita
519 3123 561 3170 ac
591 3098 657 3171 sibi
687 3114 877 3193 comperta
905 3092 1171 3190 attinissetttt).
1202 3096 1345 3188 Quibus
1378 3097 1500 3168 verbis
1533 3097 1632 3169 haud
1661 3096 1796 3191 exigna
1829 3121 1898 3191 pro
1926 3092 1994 3167 illis
2025 3113 2120 3168 tem-

226 3233 376 3327 poribus
404 3233 438 3305 ci
468 3233 630 3305 tribuitur
657 3230 856 3329 diligentia,
887 3247 925 3303 nt
953 3257 992 3303 re
1026 3256 1095 3326 per
1123 3257 1164 3301 se
1201 3245 1369 3325 spectata
1413 3229 1623 3302 incredibile
1667 3231 1728 3319 sit,
1771 3229 1994 3302 clarissimos
2033 3232 2123 3303 scri·

225 3383 369 3461 ptores,
399 3367 460 3462 qui
492 3384 577 3440 ante
608 3393 691 3441 eum
726 3363 860 3439 bellum
897 3363 1111 3438 Hannibalis
1140 3366 1378 3461 scripserunt,
1409 3366 1442 3437 ei
1472 3366 1617 3461 ignotos
1646 3366 1758 3437 fuisse
1789 3391 1948 3461 eumque
1979 3365 2016 3438 in
2044 3392 2122 3440 uno

227 3500 326 3572 sonte
357 3503 603 3594 exscribendo
645 3501 925 3599 acquievisset)
982 3502 1019 3572 In
1048 3502 1129 3597 ipsa
1158 3526 1306 3598 quoque
1350 3501 1554 3572 narratione
1593 3501 1641 3573 de
1673 3498 1836 3572 Marcelli
1865 3516 1984 3572 morte
2015 3502 2122 3596 apud

231 3634 306 3706 Liv.
337 3634 359 3707 l.
390 3637 541 3723 XXVII,
575 3657 620 3727 27
652 3636 762 3709 multa
790 3662 871 3707 cnm
901 3634 1055 3730 Polybio
1085 3635 1130 3719 X,
1164 3658 1210 3726 32
1241 3634 1441 3722 concinunt,
1480 3631 1549 3706 alia
1579 3635 1800 3729 discrepant.
1845 3636 1959 3706 Porro
1988 3652 2120 3709 autem

229 3769 329 3866 quod
358 3771 486 3842 attinet
514 3772 562 3844 ad
591 3771 700 3844 fidem
731 3768 847 3843 Coelii
876 3770 1097 3857 historicam,
1127 3769 1299 3840 discimus
1329 3796 1375 3840 ex
1405 3769 1493 3864 ipsis
1523 3769 1654 3864 qnibns
1676 3767 1825 3842 Coelius
1854 3769 1889 3842 in
1919 3770 2122 3864 prooemio

226 3904 349 3998 operis
379 3905 430 3975 sui
460 3907 568 3977 utitur
594 3908 730 3992 verbis,
760 3933 802 3977 se
837 3933 905 3977 »ex
934 3905 1077 3999 scriptis
1106 3905 1320 4002 eorurn'qni
1355 3904 1426 3976 veri
1456 3883 1805 4000 arbitrabantnrdl)
1844 3908 1931 3977 esse
1966 3903 2121 3978 haustu·

225 4038 392 4134 rumffi).
429 4040 476 4111 Et
512 4041 606 4115 haec
644 4042 792 4142 quidem
822 4065 918 4137 quae
955 4040 1022 4111 sibi
1059 4055 1303 4135 proposuerat
1331 4054 1478 4110 secutus
1507 4037 1657 4110 Coelius
1686 4039 1822 4135 primns
1851 4039 2002 4134 abjecto
2031 4040 2120 4112 scri·

373 4247 492 4255 ——--....
497 4250 533 4257 --
542 4250 619 4257 .-......
625 4250 640 4257 -ι

437 4348 467 4429 Ι“’)
491 4349 556 4418 cir.
581 4353 786 4428 Nitzsch„
812 4353 884 4420 hist.
907 4351 1098 4426 Zeitschrist,
1123 4353 1173 4417 ed.
1208 4352 1248 4413 de
1279 4346 1389 4432 Sybcl,
1426 4351 1517 4430 1864,
1551 4371 1625 4434 pag.
1660 4350 1961 4415 20·21.·Muscum
1994 4349 2115 4425 Rhea..

226 4461 341 4539 XXIII,
368 4487 397 4547 p.
423 4466 499 4546 603,
523 4487 590 4549 sq.;
615 4469 852 4544 Boettcher,
877 4480 1000 4551 quaest.
1025 4471 1092 4531 crit.
1118 4468 1270 4531 Siurilitcr
1289 4468 1414 4548 judicat
1440 4468 1479 4532 II.
1507 4469 1635 4542 Peter,
1667 4470 1740 4532 hist.
1764 4470 1858 4529 Rom.
1885 4467 1959 4539 rel,
1991 4488 2023 4549 p.
2049 4469 2113 4531 XX

226 4580 332 4643 XXIII
357 4582 397 4643 de
422 4581 523 4644 Coelii
549 4584 700 4657 sontibus,
726 4595 759 4647 et
782 4586 914 4666 Bujack,
940 4586 981 4647 de
1005 4585 1114 4647 Sileno
1139 4585 1280 4648 Hannib.
1306 4605 1364 4648 scr.
1391 4606 1420 4664 p.
1450 4600 1475 4661 5.

419 4697 467 4781 **)
492 4699 821 4773 Friedersdorff,
847 4702 865 4767 I,
890 4723 936 4774 c,
964 4724 995 4783 p.
1025 4715 1073 4779 55.

407 4816 467 4899 ***)
492 4817 635 4877 Livius
656 4819 674 4882 l.
700 4818 832 4889 XXVII,
858 4839 927 4900 cap.
955 4836 1006 4899 27,
1036 4821 1057 4856 ¹¹
1083 4854 1144 4883 .-—.

437 4936 469 5013 †)
494 4934 629 5006 I'ctcr,
654 4935 747 4999 hist.
773 4936 882 5001 Rom.
908 4935 959 4995 rel.
987 4956 1060 5015 pag.
1088 4932 1243 4996 CCXXII.

416 5053 470 5128 ἢ)
497 5065 548 5111 ue
573 5049 715 5112 horum
741 5053 961 5113 verborum
992 5072 1124 5113 sensu.
1150 5051 1204 5116 clr.
1231 5050 1392 5122 Meltver.,
1418 5072 1449 5131 p.
1474 5064 1532 5128 45.
1565 5051 1629 5133 46).

399 5168 472 5247 †††)
497 5166 694 5229 Valerius
719 5166 926 5230 Maximus
953 5169 975 5233 I.
1001 5172 1034 5247 7⁶
1057 5167 1169 5229 Coelio
1199 5167 1311 5229 trIbuit
1333 5167 1471 5241 landem,
1501 5177 1642 5229 »certum
1672 5187 1746 5228 eum
1769 5166 1921 5227 historiae
1942 5164 2115 5227 Romanae

233 5291 399 5345 auctorem
425 5281 549 5351 luisse«
