4364 5858
946 629 1113 753 Pars
1161 627 1288 754 IV.

381 938 590 1032 Disputatio
628 938 736 1033 igitur
773 937 1024 1033 proficiscetur
1070 937 1117 1007 ab
1154 937 1196 1007 iis
1236 937 1410 1008 Livianae
1449 936 1663 1007 narrationis
1701 936 1885 1028 partibus,
1926 934 2056 1031 quibus

163 1071 350 1165 Scipionis
378 1073 412 1143 in
442 1071 604 1144 Africam
647 1074 817 1144 transitus
864 1071 1066 1170 descriptio
1100 1071 1303 1143 continetur
1344 1071 1435 1166 (Liv.
1477 1068 1615 1157 XXIX,
1658 1066 1871 1162 25—28¹⁰).
1929 1069 2054 1167 Atque

164 1205 303 1278 sontem
344 1205 493 1305 quidem
527 1233 577 1279 ex
612 1234 685 1306 quo
722 1207 816 1279 haec
849 1208 1029 1278 fluxerunt
1063 1205 1246 1276 diversum
1285 1230 1371 1276 esse
1410 1205 1458 1276 ab
1491 1230 1556 1291 e0,
1596 1205 1650 1274 cui
1694 1230 1790 1300 quae
1834 1204 2056 1276 antecedunt

162 1340 288 1438 capita
320 1344 384 1436 (23
414 1356 452 1412 et
484 1345 545 1436 24)
578 1357 617 1412 et
644 1367 740 1439 quae
770 1357 946 1438 sequntur
978 1344 1073 1439 (cap.
1108 1364 1153 1428 29
1196 1341 1281 1430 etc.)
1311 1340 1493 1410 debentur
1522 1337 1626 1410 facile
1655 1340 1899 1434 cognoscitur.
1932 1314 2078 1431 Quam*

161 1474 416 1546 diversitatem
449 1476 527 1571 jam
565 1475 842 1584 Friedersdorff
870 1476 1008 1547 diserte
1048 1470 1277 1561 indicavitt),
1316 1471 1413 1544 aliud
1447 1474 1467 1544 i.
1505 1499 1538 1544 e.
1578 1471 1691 1544 multo
1726 1471 1953 1567 explanatius
1995 1489 2054 1545 est·

163 1635 286 1707 genus
316 1609 498 1694 narrandi,
529 1608 618 1683 alius
649 1627 707 1682 est
741 1612 921 1683 sermonis
956 1611 1074 1682 Latini
1107 1608 1221 1696 color,
1256 1605 1424 1679 nonnulla
1461 1608 1627 1680 videmus
1664 1609 1907 1706 repugnantia
1940 1623 1979 1679 et
2011 1609 2051 1679 iis

162 1769 262 1839 quae
293 1744 520 1816 antecedunt
555 1760 594 1816 et
622 1745 663 1817 iis
693 1772 790 1841 quae
821 1760 1033 1840 sequuntur.
1076 1744 1155 1816 Sed
1190 1742 1462 1815 Friedersdorff
1496 1756 1534 1813 ut
1580 1743 1786 1814 cautionem
1829 1741 1988 1814 adhibet
2016 1743 2049 1814 in
2108 1762 2111 1768 ·

159 1878 389 1974 proferendo
438 1881 526 1951 certi
560 1881 718 1952 auctoris
752 1880 896 1952 nomine
935 1880 1024 1951 satis
1057 1905 1099 1951 se
1129 1879 1267 1950 dixisse
1299 1893 1422 1972 putat,
1452 1878 1545 1949 hunc
1565 1874 1684 1948 locum
1712 1878 1859 1971 poetica
1888 1878 2051 1972 quadam

158 2014 302 2088 ratione
332 2039 419 2085 esse
449 2014 713 2109 conscriptum,
744 2040 841 2109 quae
871 2014 967 2085 unde
997 2030 1078 2086 orta
1106 2015 1151 2086 sit
1180 2038 1307 2108 parum
1336 2027 1492 2084 constet.
1550 2011 1743 2084 Habemus
1774 2027 1899 2083 autem
1933 2011 2052 2097 Coelii

157 2146 339 2221 annalium
368 2149 612 2245 fragmentum
642 2148 741 2242 apud
770 2149 927 2220 Nonium
960 2151 1010 2243 (p.
1047 2151 1147 2241 137),
1178 2148 1279 2245 quod
1308 2147 1504 2219 manifesto
1524 2147 1682 2241 pertinet
1710 2146 1758 2218 ad
1788 2173 1869 2218 eum
1901 2145 2049 2218 Coelia-

156 2308 242 2354 num
273 2281 410 2371 locum,
441 2309 552 2380 quern
582 2283 721 2354 diserte
750 2283 919 2354 indicavit
947 2281 1069 2355 Livius
1104 2284 1138 2355 in
1174 2282 1195 2354 l.
1226 2283 1361 2366 XXlX,
1398 2284 1569 2371 27-283
1605 2281 1642 2352 id
1681 2281 1783 2375 quod
1822 2282 1968 2376 etipsa
1997 2283 2049 2354 rei

156 2431 286 2489 natura
314 2435 353 2489 et
379 2420 575 2491 verborum
604 2416 833 2489 similitudine
864 2418 1113 2490 confirmatur:

442 2581 605 2670 Nonius,
635 2608 671 2677 p.
709 2598 794 2679 137,
1339 2577 1461 2648 Livius
1491 2577 1631 2664 XXIX,
1667 2582 1832 2667 27—28.

264 2715 406 2788 Omnes
435 2714 539 2788 simul
568 2731 703 2787 terram
731 2742 812 2786 curn
837 2715 945 2787 classi
975 2741 1078 2787 acce·
1231 2711 1288 2783 Eo
1317 2710 1447 2784 classis
1483 2710 1641 2783 decurrit
1675 2713 1882 2807 copiaeque
1917 2739 2046 2785 omnes

153 2851 267 2940 dunt,
296 2850 447 2922 navibus
476 2866 586 2948 atque
621 2850 768 2945 scaphis
798 2850 1076 2946 eggrediuntur,
1123 2848 1157 2918 in
1187 2861 1322 2918 terram
1352 2847 1546 2942 expositae
1576 2862 1669 2918 sunt.
1718 2845 1905 2941 Expositis
1930 2847 2045 2941 copiis

151 2998 310 3057 castra
338 2985 498 3057 metati
529 2985 634 3081 signa
664 3000 836 3057 statuunt.
1123 2980 1278 3052 Romani
1315 2994 1474 3052 castra
1508 2981 1542 3051 in
1572 2980 1745 3074 proximis
1775 2978 1918 3052 tumulis
1954 3007 2044 3054 me-

1123 3132 1285 3188 tantur.

363 3281 496 3376 Jtaque
527 3282 667 3353 Livium
695 3282 730 3353 iu
761 3306 841 3375 cap.
884 3283 1035 3374 27-28
1072 3280 1118 3351 de
1154 3277 1286 3350 Coelio
1325 3275 1492 3373 pendere
1526 3303 1595 3371 pro
1625 3280 1821 3372 explorato
1850 3282 2038 3355 babemus.

142 3416 360 3510 jnvenimus
394 3433 516 3489 autem
550 3441 597 3489 eo
631 3416 714 3509 ipso
755 3414 840 3486 loco
873 3415 1023 3487 Liuiano
1064 3413 1221 3508 (XXIX,
1262 3434 1307 3503 27
1346 3409 1476 3508 ι0-15)
1514 3410 1610 3483 aliud
1647 3440 1671 3509 q
1699 3414 1837 3487 oddam
1872 3414 2038 3488 Coeliani
2102 3437 2170 3482 w:-

146 3551 279 3645 operis
308 3550 562 3644 fragmentum,
593 3577 641 3622 ex
669 3576 743 3645 quo
774 3549 954 3636 discimus,
979 3547 1170 3621 »Coelium
1194 3552 1310 3622 solum
1336 3575 1422 3621 6556
1449 3566 1650 3629 auctorem,
1681 3547 1810 3622 milites
1839 3551 2036 3645 Scipionis,

147 3702 304 3759 ceteros
340 3711 470 3758 omnes
507 3683 696 3757 coelestes
729 3685 1003 3780 maritimosque
1041 3703 1207 3757 terrores
1236 3708 1461 3781 perpessos,
1492 3698 1682 3778 postremo
1716 3686 1910 3779 abreptam
1949 3703 2037 3759 tern-

144 3833 300 3916 pestate
330 3820 376 3891 ab
405 3820 533 3892 Africa
563 3818 721 3893 classem
750 3821 799 3890 ad
827 3817 977 3892 insulam
998 3819 1248 3916 Aegimurum,
1278 3819 1363 3890 inde
1393 3843 1508 3916 aegre
1539 3835 1748 3892 correctum
1778 3846 1865 3892 esse
1895 3848 2037 3894 cursum

144 3970 188 4027 et
216 3979 337 4049 prope
367 3955 506 4027 obrutis
535 3955 689 4027 navibus
717 3955 854 4051 injussu
882 3954 1114 4050 imperatoris
1143 3954 1289 4048 scaphis
1321 3954 1421 4026 haud
1450 3979 1559 4026 secus
1597 3980 1707 4049 quam
1736 3955 1935 4051 naufragos
1978 3958 2036 4029 mi-

96 4160 103 4169 ,
144 4091 232 4162 lites
261 4091 338 4162 sine
368 4091 475 4165 armis
505 4115 586 4162 curn
623 4091 759 4183 ingenti
796 4094 948 4163 tumultu
984 4091 1019 4161 in
1047 4108 1182 4162 terram
1211 4088 1412 4160 evasisse«.
1475 4087 1583 4181 Quae
1612 4108 1845 4187 quantopere
1875 4118 1897 4163 a
1927 4093 2035 4164 Nonii

145 4223 276 4296 verbis
305 4221 481 4296 abludant
518 4226 598 4320 quis
627 4242 695 4313 est,
727 4226 810 4320 quin
838 4223 1048 4321 intellegat?
1081 4223 1305 4318 Accepimus
1338 4223 1435 4295 enim
1463 4250 1603 4297 morem
1632 4224 1743 4297 fuisse
1774 4226 1873 4320 apud
1902 4226 2033 4298 Roma-

145 4384 228 4443 nos
264 4373 303 4431 ut
339 4346 467 4431 milites
501 4361 655 4432 navibus
691 4360 854 4455 appulsis
887 4361 993 4456 jussu
1020 4358 1253 4454 imperatoris
1294 4383 1422 4429 omnes
1464 4359 1565 4433 simul
1602 4359 1895 4456 egrederentur,
1934 4361 2033 4457 quod

143 4495 182 4566 iu
211 4493 402 4590 naufragio
445 4492 521 4565 fieri
562 4494 789 4591 nequivisse,
827 4492 895 4566 sed
929 4510 1001 4567 tum
1039 4490 1172 4579 solum,
1202 4493 1231 4564 si
1261 4518 1390 4564 omnes
1419 4494 1520 4566 simul
1550 4520 1667 4567 naves
1695 4513 1830 4569 terram
1861 4498 2033 4568 accessis-

143 4642 243 4715 sent,
273 4653 320 4698 ex
347 4627 429 4722 ipso
458 4624 687 4722 intellegitur.
744 4629 851 4702 Unde
882 4630 988 4703 facile
1004 4646 1172 4724 apparet,
1194 4627 1360 4700 Coelium
1380 4629 1565 4725 Scipionis
1592 4631 1627 4701 in
1648 4631 1809 4704 Africam
1838 4633 2032 4728 trajectum

142 4761 369 4856 naviumque
408 4786 597 4834 accessum
631 4764 776 4835 diversa
813 4765 955 4836 ratione
993 4765 1049 4835 bis
1083 4788 1274 4853 narrasse,
1309 4790 1390 4837 cum
1422 4767 1575 4861 primum
1614 4770 1772 4841 classem
1806 4784 2032 4863 tempestate

141 4895 209 4967 diu
245 4896 425 4992 jactatam
469 4898 572 4991 quasi
614 4899 828 4993 naufragam
870 4899 918 4970 ad
961 4914 1096 4971 terram
1139 4924 1224 4970 esse
1272 4900 1458 4995 dejectam
1506 4902 1685 4985 traderet,
1729 4902 1864 4974 deinde
1908 4921 2031 4978 autem

193 5105 211 5110 --
219 5105 280 5111 —--.-
304 5106 448 5113 .-—--——-.
457 5106 530 5112 .-.-.....

361 5203 388 5289 *l
411 5204 722 5277 Friedersdorff,
748 5206 815 5266 Liv.
842 5215 875 5267 et
898 5206 1023 5287 Polyb,
1048 5226 1122 5289 pag.
1151 5208 1290 5287 36-40.
1307 5248 1347 5256 -
