4364 5858
972 307 1376 408 -ae-q—

225 548 303 595 sem
331 523 380 595 ad
409 522 554 618 Leptim
583 523 766 619 appulerit
793 548 839 596 an
874 522 923 595 ad
952 521 1231 606 Hadrumetum,
1264 523 1317 596 ita
1348 523 1423 596 hoc
1457 541 1559 597 certe
1589 553 1636 598 ex
1672 525 1737 598 illis
1766 525 1982 622 lragmentis
2019 548 2121 596 com-

224 673 342 753 paret,
371 656 585 729 Hannibalis
613 657 649 731 in
676 655 841 731 Africam
869 681 1060 730 accessum
1089 656 1123 730 in
1151 682 1199 729 ea
1226 673 1334 753 parte
1363 659 1442 730 libri
1470 657 1569 747 XIV,
1600 685 1697 755 quae
1725 674 1889 732 aetatem
1918 684 1996 732 non
2026 656 2121 749 tulit,

225 816 247 861 a
276 789 431 886 Polybio
469 790 581 863 luisse
617 806 944 865 commemoratum
976 815 1100 884 neque
1135 817 1157 862 a
1195 787 1352 885 Polybio
1396 816 1549 887 prorsus
1591 798 1785 892 neglectas
1818 819 1905 866 esse
1938 819 2007 866 eas
2043 818 2122 879 res,

226 951 323 1021 quae
367 925 415 996 ab
457 924 666 998 Hannibale
708 939 747 996 ut
788 949 921 998 novum
957 923 1157 999 exercitum
1199 941 1312 1019 atque
1356 926 1557 1021 equitatum
1587 926 1656 999 sibi
1683 943 1845 1023 pararet,
1875 929 1924 1000 ab
1954 952 2122 999 accessu

225 1083 343 1154 usque
385 1057 434 1130 ad
475 1081 638 1154 pugnam
679 1057 897 1131 Zamensem
937 1072 1072 1155 gestae
1115 1074 1221 1148 sunt3
1262 1058 1300 1130 id
1342 1059 1443 1154 quod
1486 1060 1694 1134 Bekkerum
1739 1063 1774 1157 (l.
1812 1085 1843 1132 c.
1890 1062 2121 1154 182—190)

225 1191 364 1287 fugisse
391 1193 550 1266 videtur.
589 1191 739 1265 Deinde
768 1191 993 1265 monendum
1021 1208 1091 1280 est,
1122 1190 1364 1286 Polybianam
1382 1192 1519 1267 illarum
1548 1220 1668 1268 rerum
1688 1194 1938 1268 narrationem
1965 1192 2124 1266 omnino

225 1352 300 1399 non
341 1328 524 1424 integram
566 1328 667 1422 apud
708 1326 848 1399 Livium
889 1326 1096 1416 redditam,
1139 1326 1208 1399 sed
1250 1352 1312 1400 res
1354 1327 1402 1399 ad
1443 1328 1562 1423 ipsum
1601 1326 1844 1432 Hannibalem
1886 1326 2125 1424 pertinentes

225 1487 337 1558 quam
378 1461 535 1535 maxime
586 1487 672 1535 esse
721 1463 925 1560 neglectas.
1007 1461 1122 1554 Quod
1167 1462 1305 1535 lactum
1337 1489 1424 1536 esse
1461 1463 1552 1535 satis
1602 1460 1812 1558 intelleges,
1854 1464 1885 1535 si
1923 1459 2124 1556 Polybium

228 1594 323 1692 (XV,
360 1597 472 1692 1—4)
504 1595 777 1692 comparaveris
805 1621 886 1669 cum
914 1594 1019 1668 Livio
1055 1594 1191 1692 (XXX,
1231 1620 1249 1668 2
1256 1603 1315 1691 5),
1352 1623 1434 1670 cum
1463 1598 1558 1672 enim
1585 1598 1641 1671 Iris
1669 1598 1705 1671 in
1732 1566 1898 1694 partibus
1927 1597 1974 1668 de
2005 1595 2124 1668 rebus

225 1730 339 1827 ipsius
358 1729 544 1827 Scipionis
563 1756 724 1804 summus
745 1754 951 1803 consensus
970 1730 1064 1804 inter
1083 1733 1179 1803 duos
1198 1727 1277 1803 illos
1297 1732 1499 1828 scriptores
1527 1732 1758 1822 intercedat,
1790 1749 1916 1805 tamen
1941 1728 2001 1803 his
2029 1728 2124 1825 ipsis

225 1866 389 1962 partibus
416 1891 478 1940 res
506 1861 723 1938 Hannibalis
752 1863 1187 1964 Carthaginiensiumque
1218 1865 1256 1938 in
1282 1889 1404 1962 pauca
1441 1868 1561 1939 verba
1602 1868 1703 1963 apud
1744 1865 1883 1938 Livium
1921 1877 2123 1937 coartatae

226 2016 322 2075 sunt.
379 1998 523 2094 Quibus
551 2025 599 2073 ex
626 1998 746 2073 causis
777 2000 912 2074 lactum
940 2014 1011 2088 est,
1030 2016 1070 2072 ut
1094 2001 1142 2073 de
1169 2000 1280 2073 rebus
1299 2025 1369 2096 per
1396 2013 1511 2072 totum
1539 2025 1657 2096 prope
1686 2025 1818 2073 annum
1845 1999 1964 2098 gestis
1993 2025 2121 2096 neque

230 2137 330 2232 apud
358 2135 501 2208 Livium
529 2160 652 2230 neque
681 2133 780 2231 apud
809 2130 1004 2229 Polybium
1023 2133 1222 2231 quidquam
1250 2151 1482 2231 compertum
1505 2132 1723 2223 habeamus,
1753 2159 1850 2230 quae
1878 2158 1939 2206 res
1968 2133 2124 2206 omnino

235 2269 460 2343 obscuritate
479 2269 667 2342 involutae
683 2269 867 2366 jacerent,
896 2269 963 2343 nisi
978 2268 1026 2342 ab
1050 2266 1127 2343 aliis
1155 2269 1377 2357 auctoribus,
1403 2267 1478 2342 scil.
1505 2268 1553 2341 ab
1581 2267 1757 2365 Appiano
1784 2285 1824 2341 et
1850 2265 1996 2340 Zonara
2023 2268 2123 2340 lacu-

230 2429 301 2478 nae
330 2400 413 2477 illae
442 2401 565 2500 aliqua
597 2429 644 2478 ex
677 2421 785 2501 parte
823 2407 1071 2501 explerentur.
1097 2386 1104 2397 ’
1127 2401 1201 2497 Qui
1237 2417 1360 2476 autern
1392 2400 1470 2474 fieri
1502 2402 1671 2498 potuerit,
1707 2419 1748 2475 ut
1781 2400 1874 2493 Livii
1907 2418 2041 2474 auctor
2071 2400 2123 2475 de

230 2537 447 2612 Hannibalis
477 2540 638 2612 adventu
666 2554 863 2636 tantopere
891 2538 1180 2636 perturbaretur,
1209 2537 1296 2612 item
1324 2563 1373 2611 ex
1400 2534 1542 2631 Polybii
1568 2534 1589 2609 l.
1618 2535 1699 2621 XV,
1728 2560 1752 2627 4
1782 2534 1988 2632 apparebit.
2025 2534 2124 2610 Cum

229 2674 323 2748 enim
351 2672 472 2746 Livius
499 2672 534 2745 in
562 2699 592 2745 c.
625 2694 671 2763 29
706 2671 755 2745 ad
788 2686 916 2746 cetera
949 2671 1098 2769 quidem
1125 2695 1278 2768 prorsus
1307 2695 1388 2744 cum
1416 2667 1572 2763 Polybio
1604 2674 1647 2766 (c.
1683 2673 1721 2766 4)
1753 2667 1973 2758 consentiat,
2004 2667 2039 2741 in
2070 2694 2122 2742 eo

229 2833 339 2905 quam
366 2805 522 2880 maxime
550 2804 645 2878 inter
672 2831 715 2879 se
743 2807 970 2893 dissentiunt,
1005 2804 1110 2902 quod
1146 2803 1269 2877 Livius
1304 2804 1339 2877 in
1376 2832 1406 2878 c.
1439 2827 1485 2896 ²9
1521 2807 1533 2852 ¹
1566 2801 1836 2877 »Hannibalem
1863 2800 2014 2874 venisse
2045 2802 2123 2875 Ha-

229 2942 434 3017 drumetum
461 2939 585 3036 ibique
615 2940 663 3012 ad
677 2938 931 3015 ¹reficiendum
963 2968 1010 3015 ex
1040 2940 1243 3039 jactatione
1281 2939 1459 3012 maritima
1502 2939 1650 3012 militem
1692 2938 1819 3035 paucis
1855 2935 1989 3010 diebus
2023 2962 2124 3011 sum·

228 3076 302 3174 ptis
331 3074 479 3149 Zamam
498 3099 585 3148 esse
605 3072 851 3170 profectum«,
875 3073 1060 3170 Polybius,
1090 3101 1187 3171 quae
1216 3073 1266 3147 de
1289 3073 1494 3171 jactatione
1524 3072 1701 3146 maritima
1729 3072 1776 3145 nil
1794 3073 1921 3166 habet,
1954 3076 2119 3151 ›Hanni-

231 3209 354 3284 balem
384 3234 524 3307 paucos
552 3207 634 3281 dies
663 3206 883 3282 Hadrumeti
911 3225 1093 3284 moratum
1121 3208 1206 3282 inde
1234 3210 1385 3281 Zamam
1412 3233 1500 3280 esse
1529 3207 1757 3304 profectum«
1790 3209 1946 3283 tradidit
1992 3211 2120 3306 Quam

232 3346 486 3419 diversitatem
514 3367 563 3415 eo
592 3367 679 3415 esse
707 3342 842 3416 factam
870 3343 1079 3431 conicimus,
1109 3343 1213 3439 quod
1232 3341 1326 3414 Livii
1355 3356 1492 3425 auctor,
1522 3341 1583 3437 qui
1612 3339 1683 3414 alio
1711 3367 1759 3414 ex
1787 3341 1888 3416 sonte
1916 3369 1961 3416 ac
1992 3345 2123 3440 priora

233 3481 279 3576 (c.
312 3498 357 3571 25
391 3475 504 3574 ¹-¹⁰)
536 3475 683 3572 accepit
709 3474 953 3550 Hannibalem
982 3477 1030 3550 ad
1058 3476 1205 3573 Leptim
1233 3472 1420 3572 appulisse
1449 3470 1607 3547 classem
1631 3491 1676 3567 lc.
1709 3496 1753 3568 25
1794 3472 1852 3572 ¹¹),
1894 3502 1975 3550 cum
2015 3477 2056 3551 in
2090 3502 2122 3553 c.

234 3635 280 3703 29
319 3609 331 3654 ¹
363 3611 412 3684 ad
447 3612 609 3708 priorem
646 3611 798 3701 fontem,
834 3611 854 3684 i.
887 3637 922 3685 e.
960 3611 1151 3708 Polybium
1185 3634 1357 3684 reversus
1397 3605 1564 3706 legisset,
1605 3609 1838 3683 Hadrumeto
1871 3608 2125 3685 Hannibalem

231 3771 320 3819 esse
349 3745 556 3842 profectum
584 3747 735 3817 Zamam
763 3744 875 3818 etiam
902 3744 937 3817 in
965 3760 1100 3820 terram
1136 3771 1219 3819 eum
1256 3769 1452 3843 egressum
1486 3767 1572 3815 esse
1603 3743 1871 3817 Hadrumetum
1898 3744 2124 3841 sumpserit,

231 3904 341 3976 quam
359 3880 488 3954 urbem
507 3904 580 3952 non
600 3903 687 3952 esse
707 3877 894 3951 diversam
920 3905 943 3950 a
962 3876 1073 3976 Lepti
1098 3896 1161 3953 aut
1189 3880 1238 3952 ad
1263 3875 1359 3951 illam
1384 3876 1628 3950 Hannibalem
1654 3901 1677 3948 a
1696 3877 1806 3972 Lepti
1826 3878 2025 3976 navigasse
2062 3876 2125 3953 ille

231 4011 436 4086 credidisse
456 4011 615 4086 videtur.
651 4009 784 4107 Jtaque
804 4036 874 4084 suo
889 4012 972 4109 jure
993 4037 1064 4085 nec
1084 4014 1163 4087 siae
1183 4011 1305 4108 aliqua
1324 4038 1437 4085 causa
1457 4008 1599 4107 Polybii
1626 4010 1823 4119 narrationi
1848 4009 2124 4086 »Hannibalem

231 4170 374 4243 paucos
393 4145 474 4220 dies
493 4144 712 4219 Hadrumeti
735 4145 959 4241 sumpsisse‹
989 4172 1037 4218 ex
1060 4170 1129 4219 suo
1157 4145 1300 4219 addidit
1323 4145 1449 4219 verba:
1478 4143 1550 4216 »ad
1577 4142 1811 4218 reficiendum
1835 4170 1884 4217 ex
1912 4145 2123 4242 jactatione

232 4280 408 4353 maritima
427 4277 612 4353 militem«.
643 4276 810 4353 Coelium
830 4295 952 4353 autem
972 4278 1083 4351 etiam
1101 4279 1158 4352 his
1178 4279 1213 4352 in
1231 4280 1323 4352 locis
1338 4305 1360 4350 a
1375 4277 1478 4351 Livio
1493 4278 1528 4350 in
1542 4304 1647 4350 usum
1667 4304 1754 4352 esse
1773 4294 1949 4352 vocatum
1969 4278 2125 4365 sontem,

231 4413 376 4487 etiamsi
395 4427 435 4486 ut
454 4428 698 4486 statueremus
713 4428 814 4485 certa
827 4412 962 4484 indicia
977 4411 1011 4485 in
1027 4436 1059 4486 c.
1081 4414 1128 4484 28
1149 4436 1223 4485 non
1245 4425 1445 4498 exstarent,
1467 4412 1527 4484 vel
1547 4411 1625 4484 sine
1659 4412 1716 4484 his
1740 4411 1955 4485 testimoniis
1976 4408 2059 4485 aliis
2074 4438 2126 4487 ex

235 4547 355 4621 causis
401 4544 576 4645 colligere
624 4547 733 4620 nobis
773 4544 910 4620 liceret.
958 4548 1221 4650 Percurrentes
1273 4546 1368 4619 enim
1423 4544 1513 4617 Livii
1569 4560 1682 4639 caput
1731 4569 1778 4625 24
1819 4541 1898 4618 libri
1947 4546 2125 4621 tricesimi

233 4690 354 4763 statim
381 4688 628 4775 recordamur,
657 4688 761 4786 quod
790 4685 940 4762 Coelius
975 4688 1075 4784 apud
1110 4687 1250 4760 Livium
1278 4685 1429 4776 (XXIX.
1471 4689 1532 4781 27)
1570 4685 1737 4782 Scipioni
1764 4687 1799 4759 in
1828 4685 1993 4759 Africam
2022 4686 2124 4784 traji-

233 4831 352 4920 cienti,
380 4830 479 4904 idem
508 4830 692 4904 accidisse
721 4831 880 4903 Octavio
914 4830 1052 4903 Livium
1079 4830 1114 4902 in
1150 4833 1172 4904 l.
1203 4829 1322 4915 XXX,
1364 4853 1410 4920 24
1442 4827 1679 4901 ⁵tradidisse
1715 4828 1929 4902 memoriae.
1985 4826 2124 4925 Jtaque

233 4975 369 5045 Petero
415 4976 466 5069 (p.
509 4973 707 5067 CCXXIII)
747 4972 877 5044 Livius·
919 4971 1204 5068 descriptionem
1259 4969 1348 5044 illius
1383 4971 1616 5065 tempestatis
1665 4996 1777 5066 quam
1819 4968 1976 5067 legisset
2017 4971 2123 5066 apud

234 5112 400 5188 Coelium
447 5140 519 5188 non
561 5115 707 5187 omnino
762 5114 957 5188 videbatur
998 5115 1196 5211 abjecisse,
1239 5114 1309 5186 sed
1351 5110 1579 5185 transtulisse
1622 5114 1671 5185 ad
1718 5110 1923 5185 Octavium.
1994 5109 2125 5208 Quam
