4364 5858
1075 286 1097 359 6

144 501 274 579 Latine
312 503 481 592 vertisse,
510 502 559 578 ita
588 456 723 593 tamen,
753 488 1059 599 ut'Polybianam
1093 500 1337 577 narrationem
1366 495 1543 576 nonnullis
1585 498 1696 572 rebus
1739 524 1785 573 ex
1842 496 2034 573 annalibus

142 637 322 714 Romanis
350 638 555 737 desumptis
583 635 824 736 amplificaret
850 652 963 736 atque
1001 634 1207 731 illustraret.
1264 635 1478 710 Lachmann
1505 635 1613 734 igitur
1641 636 1769 733 etqui
1798 662 1882 708 eum
1912 635 2032 707 secuti

143 790 226 847 sunt
259 773 447 848 Livianum
483 798 576 872 opus
613 799 699 848 esse
737 772 977 871 compositum
1014 768 1251 867 censebant*)
1297 797 1343 845 ex
1379 772 1492 846 tribus
1529 772 1634 871 quasi
1670 771 1846 868 partibus,
1877 794 2034 865 quarum

142 933 381 986 unammere
411 906 668 1007 Polybianam,
698 907 852 982 alteram
880 933 1030 1006 prorsus
1059 935 1107 981 ex
1135 907 1323 981 annalibus
1353 907 1597 1004 desumptam,
1626 907 1771 980 tertiam
1800 905 1856 978 his
1885 903 2034 977 duabus

145 1045 309 1140 partibus
352 1043 433 1141 plus
475 1045 640 1118 minusve
677 1043 771 1116 inter
805 1069 848 1116 se
884 1043 1082 1116 coniunctis
1122 1057 1160 1116 et
1205 1042 1457 1115 contaminatis
1498 1068 1618 1140 genus
1659 1041 1844 1114 scribendi
1882 1039 2033 1112 mixtum

143 1176 391 1276 appellabant.
454 1180 564 1274 Quae
598 1178 821 1252 Lachmanni
867 1146 1189 1276 posteriorumque
1232 1177 1414 1250 sententia
1459 1202 1580 1273 paene
1616 1203 1732 1274 usque
1775 1176 1823 1247 ad
1866 1193 2033 1248 nostram

147 1330 309 1388 aetatem
337 1312 571 1412 plurimorum
599 1314 784 1386 hominum
813 1313 1004 1387 doctorum
1039 1302 1177 1388 iudiciis
1206 1317 1363 1412 probata
1393 1330 1470 1404 est,
1500 1339 1567 1386 nec
1597 1294 1719 1385 tamen
1748 1311 1942 1383 defuerunt
1970 1311 2033 1409 qui

144 1449 194 1521 ita
222 1449 401 1546 originem
431 1448 668 1522 similitudinis
696 1447 870 1545 explicari
905 1474 1020 1546 posse
1055 1466 1263 1539 censerent,
1302 1467 1340 1523 ut
1375 1466 1414 1522 et
1440 1448 1581 1520 Livium
1610 1461 1649 1520 et
1676 1444 1864 1542 Polybium
1894 1446 2033 1518 eodem

144 1609 192 1657 ex
224 1583 324 1658 sonte
357 1584 528 1659 hausisse
561 1579 828 1674 statuerent**).
889 1583 997 1677 Quae
1036 1585 1085 1657 de
1121 1585 1291 1673 sontibus,
1332 1585 1523 1684 equibus
1557 1583 1720 1656 hauserit
1752 1583 1875 1654 Livius
1912 1583 2032 1654 etde

143 1719 296 1807 ratione,
326 1744 399 1820 qua
426 1719 470 1794 iis
498 1745 585 1791 usus
613 1719 661 1791 sit
686 1719 855 1817 quaestio
883 1718 944 1792 diu
963 1719 997 1791 in
1026 1735 1217 1816 utramque
1246 1735 1388 1814 partem
1416 1719 1602 1814 disputata
1631 1746 1653 1791 a
1681 1718 1853 1791 Nissenio
1881 1716 2033 1789 demum

142 1852 286 1927 etiamsi
314 1879 387 1928 non
420 1852 470 1927 ad
498 1853 618 1940 finem,
646 1868 748 1927 certe
769 1873 893 1927 tamen
922 1854 955 1926 in
984 1879 1117 1927 novum
1136 1868 1350 1928 statum-est
1378 1852 1550 1941 adducta,
1580 1880 1629 1927 ex
1648 1879 1721 1951 quo
1732 1846 1822 1925 'solo
1850 1849 2033 1924 debellari

140 1987 286 2082 poterit.
344 1987 416 2080 Qui
445 2012 467 2061 a
496 1987 584 2061 Livii
613 1987 818 2061 decadibus
847 1987 896 2059 lV
930 2005 969 2061 et
989 1988 1034 2075 V,
1066 1989 1087 2060 i.
1117 2014 1151 2062 e.
1182 1989 1230 2061 ab
1259 1989 1301 2061 iis
1321 1988 1459 2061 Liviani
1480 1989 1606 2084 operis
1634 1989 1799 2083 partibus
1828 1986 2030 2083 proiectus

139 2120 176 2194 in
204 2122 334 2222 quibus
363 2122 506 2197 Livium
535 2148 556 2195 e
591 2110 744 2216 Polybio
783 2121 952 2195 hausisse
995 2119 1132 2196 facilius
1169 2121 1374 2221 clariusque
1410 2123 1569 2219 perspici
1606 2138 1742 2219 potest,
1780 2139 1818 2194 et
1847 2146 1939 2219 quas
1966 2099 2032 2191 res

139 2255 262 2329 Livius
298 2282 319 2331 e
358 2256 510 2352 Polybio
547 2255 818 2353 desumpsisset
862 2255 1013 2354 collegit
1047 2272 1185 2356 etqua
1213 2258 1354 2331 ratione
1390 2284 1456 2329 eas
1490 2257 1522 2329 in
1552 2282 1645 2353 opus
1674 2284 1778 2330 suum
1809 2257 2030 2351 recepisset,

139 2416 286 2489 quoque
316 2362 431 2464 modo
452 2389 593 2486 Polybii
614 2417 823 2466 sermonem
852 2392 981 2465 Latine
1002 2393 1247 2465 convertisset
1266 2393 1473 2490 ceterisque
1495 2417 1575 2463 cum
1606 2385 1763 2464 lontibus
1783 2391 2033 2463 coniunxisset

140 2524 419 2599 demonstravit.
477 2527 712 2623 Comparatis
749 2527 932 2601 decadum
966 2528 1014 2599 IV
1051 2544 1088 2600 et
1123 2529 1155 2599 V
1191 2527 1290 2601 libris
1325 2553 1406 2600 cum
1436 2525 1626 2622 Polybiani
1658 2527 1785 2623 operis
1814 2526 2032 2621 fragmentis

143 2659 281 2735 Nissen
310 2686 398 2735 vera
427 2678 619 2735 assecutus
648 2662 791 2735 videtur
820 2690 905 2737 esse
933 2689 1014 2736 curn
1044 2661 1162 2744 dicat:

365 2828 398 2919 1)
457 2824 597 2897 Livium
633 2825 667 2897 in
700 2821 788 2897 solis
822 2825 934 2897 rebus
969 2827 1153 2899 Graeciae
1193 2827 1383 2898 narrandis
1421 2823 1622 2921 Polybiano
1661 2848 1777 2921 opere
1808 2848 1912 2894 usum
1941 2847 2032 2894 esse

460 2959 560 3031 sonte
589 2957 793 3054 principali;

242 3148 246 3155 .
365 3096 401 3187 2)
460 3093 599 3167 Livium
650 3119 772 3191 neque
830 3091 1073 3197 amplificasse
1119 3119 1241 3192 neque
1297 3095 1503 3166 correxisse
1551 3091 1741 3167 annalibus
1789 3089 2031 3186 Polybianum

457 3279 680 3344 sermonem,
710 3255 781 3328 sed
808 3255 1054 3350 descripsisse
1075 3256 1097 3328 i.
1118 3282 1150 3328 e.
1177 3255 1226 3329 de
1247 3256 1404 3330 Graecis
1432 3256 1547 3329 modo
1576 3253 1735 3341 liberius,
1765 3255 1879 3327 modo
1906 3255 2032 3352 magis

458 3389 687 3462 adverbum
716 3388 847 3462 Latine
877 3389 1131 3485 expressisse,

365 3527 400 3621 3)
459 3524 614 3612 Livium,
662 3523 692 3595 si
739 3521 878 3619 Polybii
925 3540 964 3597 et
1009 3524 1258 3597 Romanorum
1302 3508 1485 3599 'annalium
1533 3526 1749 3622 scriptorum
1797 3525 2031 3598 narrationes

459 3659 681 3755 coniungere
711 3672 864 3732 conatus
899 3659 956 3746 sit,
992 3676 1169 3756 utrosque
1199 3657 1319 3732 sontes
1347 3657 1444 3732 nulla
1471 3685 1558 3739 cura
1585 3658 1750 3732 adhibita
1778 3685 1820 3731 ac
1849 3652 1927 3731 sirie
1956 3655 2033 3731 ulla

456 3792 720 3866 exercitatione
754 3792 1028 3889 composuisse,
1058 3817 1173 3892 quare
1202 3818 1274 3866 non
1301 3792 1351 3865 ita
1380 3818 1464 3866 raro
1493 3793 1685 3882 acciderit,
1717 3807 1755 3866 ut
1783 3792 1937 3865 easdem
1968 3818 2032 3865 res

457 3943 568 4028 atque
598 3926 780 4000 interdum
808 3927 858 4000 ita
886 3944 925 3999 ut
953 3926 1048 4001 inter
1076 3953 1118 4001 se
1148 3944 1358 4025 repugnent
1386 3927 1442 4000 bis
1470 3928 1628 4020 reserat3

359 4066 398 4158 4)
457 4061 600 4135 Livium
642 4086 825 4162 nunquam
867 4063 962 4134 duos
1004 4062 1126 4136 sontes
1169 4063 1219 4135 sic
1262 4062 1545 4152 contaminasse,
1589 4077 1627 4136 ut
1663 4062 1875 4135 Lachmann
1912 4061 2029 4134 Peter

456 4197 646 4296 ceterique
685 4197 745 4298 qui
774 4221 842 4271 eos
871 4199 942 4271 sint
968 4198 1084 4271 secuti
1113 4194 1338 4287 censuerint3
1368 4195 1528 4295 denique

362 4333 400 4432 5)
455 4331 596 4404 Livium
625 4333 659 4404 in
688 4357 889 4430 progressu
926 4333 1050 4429 operis
1078 4329 1207 4404 melius
1235 4328 1439 4430 meliusque
1469 4348 1586 4404 artem
1628 4357 1701 4430 qua
1720 4328 1860 4426 Polybii
1889 4357 2031 4404 sermo-

457 4491 540 4539 nem
574 4467 878 4563 interpretaretur
905 4482 945 4539 et
972 4467 1143 4540 diversos
1172 4466 1292 4539 fontes
1319 4465 1413 4538 inter
1440 4490 1483 4538 se
1511 4466 1754 4562 conjungeret
1796 4465 1983 4539 didicisse.

151 4663 303 4671 ———-
313 4666 327 4671 .,
341 4664 514 4671 ---—-·—--

356 4767 384 4851 *l
406 4766 475 4830 Th.
512 4768 661 4841 Lucas,
699 4768 740 4830 de
775 4766 899 4829 ratione
933 4786 998 4848 qua
1034 4766 1144 4830 Livius
1180 4767 1211 4828 in
1244 4765 1331 4829 libris
1355 4767 1560 4830 historiarum
1595 4767 1838 4829 conscribendis
1874 4788 1950 4829 usus
1981 4778 2033 4831 est

405 4894 505 4956 opere
526 4874 723 4954 Polybiano;
754 4873 869 4955 Progr.
908 4871 1003 4954 Glog.
1034 4876 1125 4952 1854,
1158 4893 1233 4956 pag.
1264 4889 1311 4953 17.
1336 4912 1376 4920 —
1402 4874 1442 4939 O.
1475 4874 1664 4948 Meltzer,
1690 4875 1730 4936 de
1758 4874 1870 4937 Coelio
1894 4874 2030 4956 Antipa-

405 4990 465 5054 tro,
491 4981 578 5052 diss,
602 4999 678 5061 pag.
703 4991 756 5058 45.
794 5017 829 5026 -
859 4979 1013 5042 Similiter
1036 4980 1177 5046 iudicat:
1204 4979 1240 5044 C.
1270 4979 1388 5042 Peter
1412 4981 1535 5060 (progr.
1571 4981 1657 5045 Port.
1695 4982 1790 5062 1863)
1820 4981 1861 5042 de
1886 4980 2031 5044 sontibus

406 5087 482 5150 libb.
509 5085 585 5149 XXI
607 5092 641 5148 et
664 5085 765 5152 xxtt.

343 5192 389 5278 **)
408 5193 448 5276 Jd
471 5193 561 5278 quod
580 5191 649 5279 jam
673 5191 931 5260 Lachmann
955 5194 1143 5279 (comment.
1169 5192 1276 5256 altera.
1301 5213 1377 5275 pag.
1403 5209 1431 5273 7,
1457 5193 1567 5256 adnot.
1593 5195 1627 5278 4)
1650 5203 1737 5257 recte
1761 5196 1982 5257 adnotaverat,
