4364 5858
1069 375 1109 438 37

908 450 1002 457 ...η-..-
1008 451 1161 458 -——-—--——
1172 450 1276 457 ——w—

141 573 371 647 sententiam
400 598 470 645 nos
498 572 648 669 quidem
677 597 752 645 non
780 573 999 668 probamus3
1033 599 1115 645 nam
1151 575 1271 645 Livius
1307 581 1380 645 non
1410 573 1458 645 de
1487 600 1555 645 suo
1583 574 1677 646 hanc
1708 601 1784 646 rem
1813 602 2028 663 exornasse,

140 714 217 789 sed
254 715 351 787 hanc
384 741 534 811 quoque
570 715 858 810 descriptionem
893 714 1047 803 Coeli0,
1090 714 1241 788 Coelius
1284 716 1427 789 etiamsi
1464 741 1538 788 non
1577 717 1695 811 ipsam
1728 717 2028 813 descriptionem,

141 876 272 932 tamen
302 873 416 931 totum
445 859 526 955 ejus
554 857 719 930 colorem
747 855 873 929 Sileno
903 856 1045 931 debere
1089 858 1194 930 nobis
1235 857 1388 930 videtur.
1446 858 1592 930 Deinde
1632 858 1828 932 haeremus
1865 861 1898 932 in
1942 861 2030 934 Livii

141 1026 227 1096 cap.
260 1023 304 1092 25
354 995 393 1090 ¹¹,
436 1001 496 1073 ubi
540 998 754 1072 Hannibalis
784 998 818 1071 in
846 998 1008 1071 Africam
1037 1001 1208 1072 transitus
1233 1000 1449 1096 naviumque
1479 1002 1527 1072 ad
1548 1000 1693 1096 Leptim
1721 1026 1900 1075 accessus
1931 1003 2031 1074 fabu-

142 1141 229 1215 lose
258 1157 459 1216 narrantur.
516 1142 650 1237 Neque
679 1165 773 1213 vero
802 1158 903 1214 recte
928 1140 1207 1215 Friedersdorff
1233 1145 1282 1238 (p.
1312 1145 1377 1236 45)
1408 1141 1504 1214 hunc
1531 1139 1655 1214 locum
1685 1169 1805 1241 aeque
1835 1170 1878 1217 ac
1908 1145 2031 1240 capita

148 1287 306 1356 26-28
337 1311 383 1357 ex
412 1285 601 1358 annalibus
635 1310 721 1358 esse
758 1284 908 1357 ductum
942 1285 1153 1381 disputasse
1188 1284 1350 1375 videtur,
1385 1285 1455 1357 sed
1490 1285 1726 1382 quincunque
1763 1282 1874 1358 Sileni
1910 1312 2030 1380 genus

143 1426 337 1501 scribendi
366 1426 554 1525 cognitum
581 1426 705 1512 habet,
732 1423 830 1499 nullo
860 1426 973 1499 modo
1003 1426 1038 1499 in
1070 1425 1218 1501 dubium
1250 1427 1386 1511 veniet,
1415 1427 1500 1520 quin
1529 1426 1652 1523 Livius
1679 1428 1739 1501 illa
1766 1454 1834 1524 per
1863 1429 2031 1503 Coelium

142 1569 299 1643 traxerit
327 1595 349 1642 e
378 1565 514 1642 Sileno.
543 1613 594 1624 -

364 1712 442 1803 Jam
471 1720 597 1802 restat,
628 1728 667 1786 ut
693 1712 820 1808 paucis
848 1711 971 1785 verbis
1001 1710 1050 1785 de
1080 1712 1169 1783 Livii
1199 1711 1378 1807 capitibus
1408 1736 1458 1801 44
1488 1727 1527 1783 et
1554 1733 1601 1805 45
1634 1712 1808 1798 dicamus,
1837 1715 1967 1810 quibus
1997 1716 2030 1789 in

146 1832 313 1942 partibus
348 1843 556 1942 complures
598 1847 718 1920 fontes
747 1846 884 1921 eadem
927 1845 1067 1919 ratione
1108 1846 1286 1942 conjuncti
1330 1871 1416 1919 esse
1446 1818 1624 1921 videntur.
1692 1836 1788 1921 Nam
1817 1846 2033 1922 Hannibalis

147 1979 268 2053 oratio
296 1980 330 2078 in
363 1980 462 2053 curia
496 1979 622 2054 habita
658 1980 795 2077 (XXX,
833 1984 898 2075 44)
938 1979 1051 2053 multa
1083 1979 1203 2053 Punici
1239 1981 1397 2055 auctoris
1432 1981 1592 2076 praebet
1627 1981 1775 2072 indicia,
1813 2008 1936 2080 neque
1975 1982 2035 2057 illa
2148 2006 2152 2013 ·

147 2112 364 2188 Hannibalis
392 2115 508 2188 verba
535 2115 635 2212 apud
663 2115 880 2210 scriptorem
907 2115 1113 2188 Romanum
1150 2113 1269 2188 locum
1304 2114 1480 2189 habuisse
1512 2115 1691 2190 videntur.
1748 2116 1858 2211 Quae
1895 2117 2032 2192 deinde

146 2250 183 2322 in
210 2274 241 2323 c.
272 2271 319 2343 45
356 2248 406 2323 de
439 2248 622 2345 Scipionis
655 2249 775 2323 reditu
809 2248 1066 2346 triumphoque
1108 2264 1148 2322 et
1190 2249 1240 2324 de
1281 2249 1438 2346 pecunia
1478 2251 1527 2324 ab
1569 2276 1617 2324 eo
1659 2252 1698 2351 in
1736 2252 1918 2326 aerarium
1960 2251 2033 2325 lata

147 2381 396 2480 militibusque
433 2384 625 2458 distributa
667 2384 869 2457 indicantur
909 2382 1115 2456 certissime
1162 2383 1211 2456 ad
1257 2383 1397 2457 fontem
1444 2384 1653 2459 Romanurn
1701 2385 1898 2459 reserenda
1940 2402 2033 2460 sunt.

147 2515 321 2615 Denique
364 2544 386 2591 e
428 2516 582 2614 Polybio
624 2516 660 2612 ll.
702 2516 803 2607 XVI,
849 2521 911 2614 23)
956 2542 1003 2591 ea
1045 2516 1138 2608 sola,
1180 2543 1279 2614 quae
1332 2519 1381 2592 de
1430 2544 1524 2619 rege
1572 2520 1744 2617 Syphace
1780 2522 1815 2593 in
1851 2522 2033 2618 triumpho

147 2651 260 2725 ducto
290 2653 385 2740 niv.
415 2652 539 2742 XXX,
570 2655 635 2748 45)
666 2652 861 2742 adduntur,
889 2651 1079 2726 linxerunt.
1119 2653 1296 2726 Ceterum
1314 2680 1395 2727 curn
1411 2655 1489 2751 jam
1509 2678 1660 2750 prorsus
1680 2670 1863 2753 repugnat
1882 2654 2033 2729 Liviano

147 2785 331 2858 scribendi
371 2787 514 2882 generi,
558 2813 653 2884 opus
695 2786 868 2861 brevibus
905 2787 1069 2884 partibus
1107 2814 1130 2861 e
1168 2788 1324 2880 diversis
1359 2788 1517 2862 sontibus
1553 2788 1757 2885 desumptis
1792 2812 2032 2884 componere,

147 2936 222 2993 tum
250 2945 319 2994 nec
348 2920 429 3017 ipse
449 2919 577 2995 Livius
605 2946 654 2995 ex
681 2920 840 2994 lontibus
869 2921 1010 2994 Punicis
1038 2921 1208 2996 hausisse
1237 2947 1360 3018 neque
1389 2923 1469 3020 ipse
1498 2921 1546 2996 de
1575 2949 1615 2997 re
1636 2939 1711 2997 tam
1729 2924 1834 3019 parvi
1859 2923 2032 2996 momenti

147 3053 354 3150 inspexisse
383 3052 621 3151 Polybianum
649 3080 743 3152 opus
772 3053 845 3128 ullo
874 3054 975 3128 credi
1003 3031 1129 3152 potest
1155 3055 1287 3146 mode,
1317 3055 1386 3129 sed
1421 3055 1622 3130 admodum
1657 3058 1832 3154 propensi
1870 3058 1919 3132 ad
1948 3084 2033 3131 earn

149 3189 357 3285 opinionem
385 3215 524 3280 sumus,
555 3188 723 3264 Coelium
751 3188 818 3263 has
848 3215 998 3286 quoque
1027 3214 1088 3263 res
1117 3188 1271 3263 diversis
1301 3216 1347 3263 ex
1375 3189 1533 3264 fontibus
1562 3191 1839 3288 conscripsisse.

363 3353 492 3449 Itaque
528 3351 649 3426 multis
685 3353 803 3451 iisque
841 3351 1053 3426 certissimis
1093 3352 1310 3425 testimoniis
1347 3330 1627 3448 comprobatum
1661 3354 1854 3442 habemus,
1895 3353 2033 3427 Livium

150 3485 328 3584 quidquid
357 3486 406 3560 de
436 3487 547 3560 rebus
575 3512 599 3560 a
625 3486 797 3583 Scipione
826 3489 967 3585 majore
995 3487 1029 3559 in
1057 3486 1183 3559 Africa
1209 3486 1328 3584 gestis
1356 3486 1559 3560 memoriae
1587 3489 1825 3584 prodidit-
1858 3487 2034 3562 nonnullis

150 3621 316 3716 exceptis
346 3646 444 3718 quae
473 3646 495 3693 e
524 3621 676 3695 Valerio
704 3622 864 3718 repetita
891 3637 974 3694 sunt
1001 3665 1052 3676 -
1080 3618 1147 3693 soli
1175 3618 1306 3694 Coelio
1334 3621 1490 3711 debere,
1511 3620 1680 3696 Coelium
1708 3639 1832 3696 autem
1861 3623 1895 3696 in
1924 3623 2035 3697 rebus

148 3753 330 3850 Scipionis
358 3754 563 3830 scribendis
592 3755 751 3830 maxime
780 3752 922 3850 Polybii
955 3755 1171 3828 auctoritate
1209 3780 1297 3829 esse
1335 3755 1494 3846 ductum,
1531 3782 1579 3831 ex
1611 3781 1687 3853 quo
1723 3783 1784 3830 res
1821 3758 1904 3854 ipso
1935 3756 2034 3831 bello

148 3903 279 3984 gestas
308 3890 524 3964 desumeret
554 3890 654 3988 (Liv.
682 3890 821 3980 XXIX,
854 3885 982 3981 29⁵—
1003 3888 1206 3982 35;XXX,
1233 3914 1374 3984 3-11,
1403 3896 1460 3980 16,
1487 3887 1649 3985 25¹-¹⁰,
1688 3915 1784 3983 29-
1794 3894 1872 3987 37),
1908 3908 2035 3965 contra

148 4049 170 4097 e
201 4022 326 4098 Sileno
355 4049 439 4098 eum
467 4023 631 4120 singulas
660 4023 844 4121 quasdam
872 4049 946 4113 reS,
975 4050 1074 4121 quae
1102 4050 1174 4099 non
1202 4025 1251 4099 ad
1279 4026 1399 4122 ipsum
1426 4023 1562 4099 bellum
1592 4029 1829 4123 pertinerent,
1859 4042 1899 4099 ut
1922 4027 2034 4123 Scipi·

147 4159 229 4232 onis
257 4159 401 4232 Octavii
431 4157 647 4234 Hannibalis
676 4160 711 4233 in
729 4159 892 4233 Africam
920 4161 1171 4257 trajectioneS,
1196 4160 1437 4234 Massinissae
1466 4161 1501 4234 in
1521 4159 1730 4234 Numidiam
1758 4160 2033 4257 expeditionem

147 4318 191 4366 ac
220 4294 458 4390 Sophonibae
500 4319 666 4368 amorem
703 4310 950 4390 mortemque,
993 4293 1208 4368 Hannibalis
1237 4293 1442 4369 orationem
1470 4321 1540 4392 cap
1568 4319 1631 4386 44,
1679 4310 1781 4369 certe
1811 4296 1892 4393 ejus
1929 4320 2033 4390 argu-

145 4443 272 4501 menta
318 4429 513 4526 repetiisse
558 4445 596 4502 et
637 4426 880 4526 amplificandi
926 4427 1203 4525 exornandique
1249 4453 1363 4502 causa
1401 4427 1609 4525 Polybianis
1656 4430 1921 4503 narrationibus
1983 4430 2030 4503 in·

145 4562 329 4652 seruisse,
359 4578 558 4658 praeterea
604 4579 727 4638 autem
767 4589 852 4638 eum
889 4589 937 4636 ex
973 4561 1180 4652 annalibus,
1224 4561 1299 4638 scil.
1334 4564 1512 4661 scriptore
1546 4567 1717 4637 Romano
1749 4561 1937 4637 nonnullas
1973 4590 2034 4637 res

144 4696 416 4792 desumpsisse,
447 4697 580 4794 quibus
610 4699 747 4772 sontem
775 4724 880 4771 suum
908 4715 971 4772 aut
999 4696 1225 4795 amplificarit
1252 4715 1315 4774 aut
1342 4698 1543 4773 correxerit
1583 4713 1647 4771 aut
1674 4700 1724 4771 ad
1758 4724 1821 4771 res
1849 4701 2034 4772 Romanas

157 4831 302 4926 aptarit.
360 4831 539 4907 Ceterum
568 4857 792 4931 quamquam
822 4858 893 4906 non
920 4833 1029 4931 hujus
1058 4834 1285 4930 quaestionis
1313 4851 1382 4918 est,
1421 4833 1542 4908 omnia
1582 4859 1678 4930 quae
1708 4829 1857 4905 Coelius
1890 4833 2037 4906 narrati·

144 4966 274 5040 onibus
308 4991 330 5040 e
368 4965 523 5064 Polybio
554 4968 760 5064 desumptis
794 4967 945 5041 inseruit
985 4993 1225 5065 componere,
1275 4985 1399 5043 tamen
1436 4966 1595 5064 exempli
1630 4993 1742 5042 causa
1774 4992 1893 5064 pauca
1927 4967 2035 5064 hujus

142 5102 294 5196 generis
323 5102 535 5178 afferemus.
591 5103 734 5197 Quibus
761 5102 799 5175 in
827 5102 939 5176 rebus
967 5103 1138 5199 ponimus
1173 5128 1271 5200 quae
1306 5103 1405 5200 apud
1441 5102 1582 5176 Livium
1611 5103 1645 5176 in
1673 5100 1695 5174 l.
1734 5100 1871 5191 XXIX,
1912 5124 1957 5196 35
1999 5119 2056 5202 et·

140 5235 266 5342 XXX,
312 5259 356 5332 17
395 5240 445 5314 de
481 5237 622 5313 donato
655 5237 874 5312 Massinissa
907 5234 1070 5345 aliisque,
1099 5263 1197 5334 quae
1234 5237 1374 5327 XXIX,
1415 5242 1462 5334 36
1500 5253 1538 5312 et
1573 5236 1696 5327 XXX,
1734 5259 1768 5334 3,
1808 5256 1866 5332 17,
1903 5241 1950 5335 38
1987 5238 2035 5317 de
