4364 5858
1065 355 1102 403 21

141 549 297 639 videtur,
328 551 427 650 quod
456 552 668 648 conjecerit,
699 549 911 623 illum·Livii
942 565 1128 622 auctorem
1159 549 1270 621 fuis'se
1302 548 1486 620 Valerium
1518 547 1716 631 Antiatem,
1751 573 1860 644 quem
1890 543 2028 642 l’olybii

143 686 387 783 pragmatiam
417 712 503 759 esse
534 702 698 760 secutum
719 685 869 758 Nitzsch
898 681 1039 780 dicit;*)
1076 710 1185 782 quam
1215 685 1433 757 sententiam
1463 709 1509 756 eo
1538 682 1739 754 confirmari
1777 698 1891 778 putat,
1929 682 2028 780 quod

143 820 177 893 in
206 819 380 895 nonnullis
410 820 497 894 locis
527 821 772 921 expeditionis
801 822 834 892 in
855 819 1017 891 Africam
1046 835 1155 918 capta
1184 820 1289 915 signa
1317 833 1579 891 recenseantur
1623 816 1712 911 (Liv.
1744 816 1867 903 XXX,
1902 822 1945 902 63
1968 839 2029 912 35,

148 954 237 1048 36),
267 981 363 1054 quae
393 957 526 1028 afferre
557 957 648 1027 inter
675 957 865 1027 Romanos
894 953 1088 1025 historicos
1118 955 1220 1025 unius
1250 952 1386 1026 Valerii
1417 952 1527 1024 moris
1558 951 1679 1040 fuerit,
1710 950 1876 1022 Coelium
1906 967 2028 1022 autem

144 1090 178 1161 in
225 1088 340 1164 altera
388 1089 543 1162 decadis
590 1091 720 1162 tertiae
767 1107 871 1185 parte
916 1105 1068 1187 propter
1111 1089 1275 1188 poeticos
1318 1113 1411 1186 quos
1455 1086 1684 1158 adhibuisset
1725 1084 1846 1156 fontes
1875 1111 1897 1157 a
1927 1085 2030 1156 Livio

145 1224 349 1322 sepositum
373 1223 509 1297 Antiati
539 1225 721 1314 cessisse,
750 1225 853 1320 cujus
882 1249 975 1323 opus
997 1223 1136 1294 Livium
1166 1223 1199 1295 in
1229 1224 1339 1296 rebus
1367 1221 1548 1321 Scipionis
1577 1221 1851 1293 conscribendis
1881 1246 2031 1320 semper

146 1374 230 1431 ante
265 1356 603 1433 oculbslrabuisse
644 1387 691 1432 ex
728 1386 775 1432 eo
805 1384 1002 1458 apparere,
1032 1358 1130 1456 quod
1163 1355 1331 1430 Valerius
1360 1358 1393 1429 in
1424 1356 1688 1456 posterioribus
1718 1338 1870 1428 decadis
1899 1357 2028 1427 tertiae

143 1492 243 1566 libris
266 1493 417 1593 saepius
437 1492 568 1566 Coelio
588 1495 727 1567 citetur.
766 1495 921 1566 Priorum
942 1492 1040 1594 quod
1064 1493 1201 1591 profert
1222 1492 1369 1563 Nitzsch
1390 1508 1643 1588 argumentum
1661 1492 1738 1587 jam
1759 1491 2035 1563 Friedersdorff

145 1646 184 1701 et
212 1625 382 1713 Peter**)
412 1629 645 1727 infregerunt.
705 1630 838 1725 Neque
869 1628 984 1703 altera
1014 1627 1123 1698 etiam
1156 1653 1268 1722 quarn
1298 1627 1343 1699 N.
1375 1627 1514 1722 profert
1533 1628 1735 1713 sententia,
1766 1625 1840 1698 scil.
1863 1625 2029 1698 Coelium

144 1780 296 1859 propter
325 1764 489 1860 poeticos
539 1789 634 1860 quos
677 1765 905 1840 adhibuisset
955 1768 1073 1841 fontes
1115 1797 1137 1842 a
1175 1771 1278 1841 Livio
1321 1769 1522 1865 sepositum
1567 1769 1702 1840 Antiati
1745 1769 1906 1840 cessisse
1951 1796 2030 1862 pro-

145 1898 268 1971 banda
294 1899 458 1981 videtur,
488 1924 711 1998 quamquam
732 1902 1010 1975 concedendurn
1041 1922 1114 1989 est,
1145 1904 1332 1992 Coelium,
1362 1930 1471 2001 quent
1502 1904 1578 1975 sine
1609 1903 1721 1975 dubio
1750 1904 1870 1975 Livius
1893 1904 2029 1985 xxlx,

151 2038 304 2125 25--28
335 2035 515 2132 sequitur,
552 2033 636 2106 illud
665 2061 813 2108 cannen
851 2037 1025 2111 solemnis
1063 2040 1282 2135 precationis
1325 2040 1484 2132 rXXIX,
1519 2040 1584 2129 27²
1634 2045 1658 2131 ⁴)
1689 2039 1736 2110 de
1773 2049 1883 2133 poeta
1912 2037 2032 2134 aliquo

145 2169 440 2265 deprompsisse,
471 2196 552 2241 curn
569 2172 646 2266 jam
668 2171 944 2245 Friedersdorff
969 2172 1006 2256 tl.
1036 2201 1078 2256 c,
1107 2201 1193 2271 pag.
1229 2182 1398 2268 37-39)
1431 2175 1524 2247 hunc
1554 2173 1670 2246 locum
1700 2174 1841 2269 poetica
1871 2172 2030 2270 quadam

145 2306 284 2378 ratione
314 2331 400 2379 esse
430 2305 674 2400 conscriptum
703 2303 882 2379 luculente
913 2308 1240 2394 demonstraverit,
1272 2326 1393 2381 tamen
1422 2334 1485 2379 cur
1513 2305 1663 2380 Coelius
1683 2336 1704 2380 a
1734 2309 1836 2379 Livio
1864 2308 2032 2402 abjectus

145 2440 282 2513 Antiati
311 2441 468 2513 cesserit
497 2439 627 2512 nullam
657 2467 807 2535 prorsus
844 2468 994 2514 causam
1028 2444 1205 2515 videmus
1263 2444 1360 2539 Quin
1399 2444 1509 2516 etiarn
1547 2443 1719 2515 contendi
1755 2459 1895 2538 potest,
1928 2441 2032 2513 Livio

145 2573 360 2648 Coelianum
399 2575 581 2647 scribendi
616 2602 735 2671 genus
772 2603 881 2671 quam
915 2578 1072 2650 maxime
1113 2578 1306 2674 placuisse.
1341 2605 1421 2650 cum
1458 2575 1553 2650 illum
1589 2578 1707 2672 ipsum
1740 2576 1858 2648 locum
1889 2576 2032 2672 poetica

144 2708 307 2807 quadam
347 2711 486 2783 ratione
524 2711 767 2807 conscriptum
809 2727 882 2783 tarn
929 2713 1109 2809 integrum
1150 2713 1183 2784 in
1229 2741 1322 2809 opus
1363 2741 1467 2787 suurn
1506 2712 1700 2808 receperit.
1764 2717 1850 2802 Quo
1887 2713 2031 2783 minoris

144 2845 318 2918 momenti
348 2862 405 2916 est
434 2845 576 2917 tertium
605 2863 869 2940 argumentum,
909 2873 984 2941 quo
1013 2848 1114 2919 nixus
1146 2847 1294 2923 Nitzsch
1334 2849 1472 2920 livium
1512 2874 1612 2919 usurn
1651 2874 1737 2918 esse
1772 2844 1921 2917 Valerio
1950 2872 2032 2915 con·

144 2978 272 3052 firmat.
327 2975 537 3065 Nisserr*²⁴*)

566 2980 599 3051 in
630 2979 833 3052 universum
864 2981 1030 3076 probavit
1058 2983 1151 3054 hanc
1189 2983 1426 3067 sententiam,
1457 3009 1504 3054 es
1540 3008 1587 3054 eo
1615 2981 1714 3081 <ruod
1745 2997 1872 3051 auctor
1900 2977 2029 3074 aliquis

146 3142 169 3185 a
202 3115 308 3186 Livio
339 3115 471 3186 citetur
502 3113 624 3212 colligi
667 3141 740 3186 non
770 3143 903 3210 posse,
951 3117 1090 3189 Livium
1127 3128 1289 3189 auctore
1320 3132 1396 3188 tota
1429 3115 1487 3188 illa
1513 3116 1740 3202 narratione,
1778 3115 1811 3187 in
1841 3141 1914 3210 qua
1950 3139 2031 3183 etun

143 3247 251 3336 citet,
282 3248 380 3321 fonte
411 3246 596 3344 principali
625 3275 711 3321 esse
742 3275 863 3335 usrun,
894 3250 961 3321 secl
992 3249 1129 3321 livium
1160 3276 1226 3323 eas
1256 3249 1356 3323 solas
1385 3277 1445 3321 res
1473 3278 1520 3322 ex
1549 3276 1596 3323 eo
1625 3277 1735 3345 quern
1765 3250 1851 3341 citet
1880 3264 2029 3320 auctore

145 3383 450 3479 deprompsisse,
481 3409 574 3478 quas
604 3410 650 3456 ex
680 3409 727 3454 eo
755 3383 922 3457 hausisse
953 3386 1032 3481 ipse
1063 3385 1286 3480 profiteatur.

361 3517 469 3611 Quae
500 3518 528 3589 si
558 3518 605 3590 ad
627 3518 798 3589 Nitzschii
828 3520 1046 3591 sententiam
1077 3520 1306 3592 refutandam
1335 3546 1405 3591 uon
1435 3520 1606 3591 sufficere
1637 3521 1698 3590 tibi
1719 3520 1900 3603 videntur,
1932 3519 2032 3612 ipsos

147 3651 227 3723 libri
267 3651 379 3724 XXX
409 3650 522 3739 locos,
565 3653 695 3750 quibus
726 3653 848 3729 liuius
884 3655 1091 3727 nominatim
1122 3655 1231 3727 affert
1260 3653 1458 3741 Valerium,
1496 3680 1639 3724 rnecurn
1676 3652 1857 3747 inspicias.
1916 3653 2033 3747 liujus

144 3784 334 3880 scriptoris
370 3811 502 3858 nomen
536 3787 569 3857 in
605 3784 696 3859 libro
735 3788 841 3859 XXX
887 3806 943 3862 ter
978 3790 1117 3875 citatur,
1168 3815 1210 3860 ac
1245 3789 1398 3884 primunr
1432 3787 1581 3886 quidem
1617 3788 1650 3858 in
1691 3786 1810 3880 capite
1843 3785 1893 3877 3⁶.
1951 3786 2032 3857 Hoc

144 3919 231 3993 loco
266 3919 397 3992 Antias
433 3920 593 4005 tradidit,
629 3920 746 4017 ipsum
779 3924 991 4019 Syphacem
1025 3924 1058 3994 in
1095 3941 1218 3996 castra
1250 3923 1430 4018 Scipionis
1464 3922 1511 3994 ad
1547 3919 1828 4018 colloquendum
1866 3921 2031 4001 venisse,

145 4055 249 4149 quod
279 4079 350 4127 non
370 4081 495 4128 verum
523 4080 609 4128 esse
631 4056 754 4129 Livius
783 4055 902 4130 multis
931 4059 1008 4132 aliis
1037 4061 1245 4132 auctoribus
1273 4058 1440 4131 credidit.
1498 4057 1644 4129 Deinde
1673 4055 1750 4127 Liv.
1783 4054 1905 4144 XXX,
1954 4059 2029 4145 19¹¹

147 4189 281 4263 Antias
311 4189 411 4262 solus
440 4207 567 4263 auctor
595 4208 665 4279 est,
695 4192 938 4266 Hannibalem
967 4194 1000 4266 in
1037 4221 1129 4291 agro
1158 4193 1390 4266 Crotoniensi
1419 4218 1505 4265 esse
1539 4192 1690 4271 victurn;
1719 4215 1794 4285 quo
1823 4190 1856 4261 in
1890 4191 2031 4286 proelio

146 4325 311 4419 quinque
332 4322 429 4397 milia
449 4325 664 4397 Hannibalis
684 4325 831 4398 militum
853 4353 966 4400 caesa
986 4355 1072 4400 esse
1094 4327 1263 4400 Valerius
1293 4329 1388 4400 dicit.
1447 4327 1559 4420 Quod
1580 4352 1601 4397 a
1622 4325 1773 4397 Valerio
1801 4325 2032 4420 impudenter

146 4458 267 4530 fictum
298 4484 385 4532 esse
424 4484 505 4532 cum
535 4460 657 4532 Livius
687 4461 766 4570 ipse
801 4460 871 4533 hoc
908 4459 988 4533 loco
1017 4463 1204 4558 profitetur
1234 4479 1307 4534 turn
1338 4460 1509 4556 Polybius
1538 4461 1746 4532 testimonio
1780 4460 2030 4545 confirmati),

147 4593 210 4688 qui
242 4590 500 4677 Hannibalem,
531 4593 617 4665 dum
647 4596 680 4666 in
709 4593 809 4668 ltalia
843 4613 1005 4670 moratus
1041 4615 1154 4684 esset,
1191 4623 1374 4692 uunquam
1404 4595 1545 4692 proelio
1575 4622 1660 4669 esse
1696 4596 1825 4667 rictum
1854 4595 2031 4666 certiores

145 4752 214 4799 nos
243 4727 336 4802 facit.
394 4729 524 4825 Tertio
542 4727 625 4802 loco
658 4730 746 4827 liv.
779 4731 908 4819 XXX,
938 4731 1015 4827 29⁶)
1040 4732 1169 4804 Antias
1200 4731 1360 4816 tradidit,
1383 4730 1626 4802 Hannibalem
1656 4759 1678 4803 a
1698 4731 1868 4826 Scipione
1900 4729 2031 4800 rictum

70 4912 73 4916 -
150 4859 305 4956 proelio,
345 4863 378 4935 in
410 4889 485 4960 quo
519 4863 717 4939 duodecim
752 4863 849 4937 milia
885 4866 1099 4940 Hannibalis
1134 4864 1282 4939 militurn
1320 4892 1434 4938 caesa
1471 4883 1610 4954 essent,
1642 4864 1806 4963 legatum
1840 4892 1920 4937 cum
1953 4864 2032 4938 aliis

362 5052 390 5135 *l
413 5054 604 5127 Nitzsch,
631 5062 709 5116 rom.
737 5054 832 5127 Ann.‚
859 5074 931 5136 pag.
962 5071 1008 5134 17.
1035 5070 1083 5117 21.

348 5157 395 5241 **)
418 5161 662 5234 Friedersd,
687 5183 719 5244 p.
749 5174 811 5242 59;
835 5162 940 5233 Peter,
973 5161 1045 5226 hist.
1071 5163 1108 5227 R.
1134 5163 1205 5233 rel,
1231 5183 1307 5243 pag.
1338 5160 1550 5224 cccxlii-

333 5264 395 5348 ***)
417 5266 447 5330 N
456 5267 522 5328 iss.
548 5277 702 5349 quaest.
727 5269 795 5335 crit.
818 5289 892 5357 pag.
919 5284 970 5348 34.
994 5285 1047 5356 4¹·
1072 5284 1125 5347 42.
1149 5269 1201 5347 65.
1233 5282 1302 5348 ¹45·
1333 5282 1400 5351 154.
1428 5285 1501 5334 200.
1528 5285 1600 5346 204.
1627 5282 1700 5351 255.
1724 5269 1857 5353 aliisque
1881 5270 1966 5331 locis.

361 5375 392 5459 †)
414 5371 536 5458 Polyb,
559 5372 612 5440 lib.
637 5374 687 5445 111.
