4364 5858
1065 304 1067 317 ,
1139 305 1181 368 30

1333 432 1344 471 l
1463 478 1464 482 ,

210 525 284 571 non
314 500 444 588 mirari,
475 500 576 596 quod
605 501 639 571 in
671 523 701 570 c.
735 503 781 570 28
815 494 844 556 10
871 524 996 571 earum
1025 523 1145 570 rerum
1173 499 1219 571 nil
1245 498 1384 589 ¹sactum
1411 495 1618 566 videatur«.
1665 493 1807 584 Quibus
1836 519 1857 564 e
1887 493 2102 586 discrepan-

210 633 267 705 tiis
299 633 564 705 Friederssorfi
605 630 753 729 colligit,
791 633 823 703 in
862 657 892 704 c.
943 635 989 703 28
1030 628 1060 671 ¹⁰
1106 657 1129 704 a
1165 632 1290 704 verbis
1319 652 1354 697 ἰ
1364 647 1522 726 postero
1555 629 1642 700 ·die
1688 629 1728 699 llll
1776 627 1941 722 equites«
1994 623 2104 696 alium

124 775 128 784 '
211 767 349 839 sontem
381 768 544 862 incipere
583 768 826 862 eundemque,
871 792 945 861 quo
981 767 1106 840 Livius
1138 768 1215 863 jam
1252 780 1365 840 antea
1406 767 1439 837 in
1478 766 1600 837 rebus·
1634 763 1817 858 Scipionis
1851 763 1886 833 in
1921 760 2105 856 Hispania

207 901 327 997 gestis
362 928 448 973 usus
488 902 543 984 sit,
579 903 600 974 i.
638 928 669 974 e.
704 899 800 973 illum
837 927 946 996 quem
983 902 1110 974 dicunt
1143 920 1382 974 communem:
1442 900 1520 973 Sed
1555 898 1652 970 haud
1688 897 1958 992 ignorantibus,
1988 921 2102 991 quam

209 1036 314 1108 facile
343 1040 403 1108 uel
434 1038 575 1132 optimo
604 1037 770 1132 scriptori
798 1038 832 1109 in
862 1037 983 1134 aliqua
1011 1064 1051 1110 re
1078 1036 1297 1114 ,exornanda
1325 1035 1496 1108 accidere
1526 1021 1659 1130 possit,
1698 1050 1737 1105 ut
1774 1033 1950 1104 memoria
1988 1030 2102 1103 dece-

210 1158 295 1266 ptus
328 1171 394 1242 sibi
423 1171 503 1265 ipse
542 1169 766 1266 obloquatur
800 1190 839 1244 et
871 1199 967 1269 quae
1005 1188 1128 1245 narret
1167 1197 1247 1244 cum
1285 1171 1328 1243 iis
1357 1196 1453 1266 quae
1496 1170 1621 1242 antea¹
1646 1167 1862 1263 exposuerit
1899 1165 2102 1238 manifesto

209 1324 377 1402 pugnent
407 1308 515 1379 etiam
544 1307 661 1403 magis
690 1333 906 1402 persuasum
943 1309 1020 1392 erit,
1056 1306 1224 1382 Coelium
1252 1296 1374 1378 studio
1410 1303 1615 1386 exornandi
1650 1306 1846 1376 abductum
1876 1301 2027 1397 fugisse,
2060 1327 2104 1371 se

210 1440 335 1536 inepte
365 1467 450 1512 esse
484 1443 662 1529 locutum,
699 1441 1029 1535 Carthaginienses
1065 1425 1164 1514 haud
1202 1441 1434 1536 ignorantes,
1470 1442 1662 1510 Romanos
1686 1439 1763 1533 jam
1793 1462 1879 1508 esse
1909 1447 2104 1529 egressos,

210 1576 250 1647 M
279 1575 424 1670 equites
454 1576 515 1670 qui
543 1577 734 1647 turbarent
762 1577 1002 1670 egredientes
1031 1604 1080 1650 ex
1106 1576 1261 1649 navibus
1290 1577 1442 1650 misisse.
1498 1574 1548 1646 Ut
1577 1575 1672 1646 enim
1702 1571 1827 1644 Livius
1855 1571 1950 1642 hanc
1980 1571 2107 1681 diver3

211 1711 356 1782 sitatem
385 1711 625 1807 neglegentia
653 1710 910 1804 praetermisit,
941 1710 992 1781 ita
1020 1711 1172 1783 Coelius
1209 1727 1248 1784 ut
1283 1710 1331 1782 ad
1368 1712 1457 1782 istas
1485 1710 1644 1805 ineptias
1674 1708 1791 1780 abiret
1819 1707 1941 1779 induci
1969 1707 2105 1801 potuit.

212 1845 386 1918 Ceterum
415 1846 628 1941 priusquam
656 1846 704 1916 de
740 1844 891 1917 sontium
933 1845 1061 1918 finibus
1102 1862 1241 1919 certum
1270 1846 1445 1941 judicium
1484 1845 1652 1941 proferre
1691 1842 1886 1938 possimus
1930 1859 1969 1913 ut
1999 1867 2103 1936 quae

210 1980 331 2051 Livius
361 1981 408 2052 de
439 1980 561 2074 primis
590 1980 701 2052 rebus
729 2007 752 2052 a
780 1981 954 2076 Scipione
996 1982 1031 2053 in
1059 1981 1186 2054 Africa
1219 1981 1337 2076 gestis
1372 1977 1784 2074 tradidit'inspiciamus
1828 2002 1922 2071 opus
1951 1993 2019 2047 est.
2052 2022 2103 2029 —

212 2114 337 2187 Livius
365 2114 399 2185 in
429 2142 459 2188 c.
494 2118 540 2185 28
575 2115 604 2158 ¹⁰
632 2132 762 2186 auctor
790 2131 861 2197 est,
892 2117 1223 2213 Carthaginienses
1252 2117 1393 2189 misisse
1423 2118 1461 2186 M
1487 2115 1632 2210 equites
1661 2110 1889 2208 speculatum
1920 2112 1967 2183 ad
1997 2139 2104 2184 mare

211 2251 488 2344 turbandosque
519 2249 771 2346 egredientes,
816 2277 969 2346 quorum
1012 2278 1092 2324 cum
1128 2251 1305 2347 proelium
1336 2277 1417 2323 cum
1445 2250 1621 2322 Romanis
1651 2248 1931 2334 commisissent,
1961 2249 2106 2342 pleros·

212 2409 297 2479 que,
327 2384 360 2454 in
389 2384 519 2478 quibus
547 2384 777 2478 praesectum
806 2411 956 2484 quoque
979 2388 1209 2470 Hannonem,
1239 2412 1323 2458 esse
1353 2387 1525 2475 occisos3
1556 2410 1631 2483 quo
1661 2385 1761 2456 sacto
1782 2382 1996 2478 Scipionem
2028 2409 2106 2454 non

213 2543 326 2611 agros
369 2521 483 2589 modo
525 2519 621 2591 circa
661 2536 842 2603 vastasse,
885 2522 954 2593 sed
994 2522 1120 2593 urbem
1163 2522 1274 2594 etiam
1316 2522 1518 2615 proximam
1554 2519 1728 2591 Afrorum
1762 2517 1852 2589 satis
1885 2515 2106 2612 opulentam

213 2652 360 2748 cepisse
395 2654 647 2749 praedamque
686 2656 720 2727 in
755 2682 869 2728 naves
905 2656 1093 2729 onerarias
1132 2655 1341 2752 impositam
1383 2656 1418 2727 in
1457 2653 1615 2726 Siciliam
1660 2654 1811 2725 misisse.
1877 2652 1953 2724 Sed
1990 2654 2104 2723 valde

213 2787 388 2866 miramur,
417 2791 518 2883 quod
548 2791 646 2884 apud
675 2790 816 2861 Livium
845 2793 957 2886 paulo
986 2791 1132 2863 inferius
1155 2791 1205 2886 (in
1235 2815 1267 2863 e.
1301 2793 1363 2884 34)
1395 2789 1525 2862 iterum
1553 2790 1717 2883 legimus,
1743 2786 2106 2883 Carthaginiensium

211 2922 252 2994 M
280 2922 425 3019 equites
453 2948 534 2994 cum
562 2923 645 3018 ipso
674 2926 770 2996 duce
801 2926 983 2997 Hannone
1018 2927 1066 2997 ad
1103 2927 1228 2998 urbem
1262 2925 1434 2998 Afrorum
1467 2925 1614 2997 nomine
1650 2921 1846 2996 Salaecam
1872 2920 2105 3003 interiectos,

212 3057 340 3129 urbem
368 3053 561 3129 Salaecam
591 3074 748 3153 captam,
777 3086 892 3156 agros
922 3061 1021 3132 circa
1048 3074 1217 3133 vastatos
1252 3087 1498 3155 magnamque
1533 3061 1711 3155 praedam
1747 3059 1780 3130 in
1811 3083 1926 3129 naves
1954 3056 2105 3151 imposi-

212 3207 285 3265 tam
312 3193 347 3264 in
376 3189 535 3264 Siciliam
563 3220 647 3266 esse
676 3194 859 3269 dimissam
882 3196 977 3291 (Liv.
998 3195 1134 3279 XXIX,
1166 3217 1211 3287 35
1246 3198 1356 3292 1-5).
1405 3195 1510 3288 Quas
1535 3194 1770 3266 'narrationes
1797 3193 1937 3265 habere
1967 3196 2105 3266 multas

213 3324 465 3399 similitudines
494 3327 529 3398 in
559 3344 693 3423 aperto
723 3346 802 3419 est,
831 3329 954 3424 itaque
985 3330 1094 3402 etiam
1110 3329 1235 3401 Livius
1255 3331 1291 3401 in
1310 3357 1341 3403 c.
1366 3352 1410 3422 35
1442 3331 1478 3402 in
1505 3330 1561 3401 his
1591 3330 1701 3401 rebus
1729 3328 1926 3418 haerebat,
1953 3353 2103 3400 verum-

212 3478 335 3533 tamen
373 3479 514 3534 certum
545 3462 719 3558 judicium
751 3464 920 3559 prolerre
954 3491 1028 3537 non
1064 3479 1218 3537 conatus
1252 3482 1318 3537 est.
1381 3465 1579 3560 Copiosius
1621 3466 1668 3537 de
1708 3465 1777 3536 hac
1814 3490 1853 3535 re
1889 3464 2102 3559 nuperrime

213 3597 356 3692 scripsit
399 3593 569 3691 Keller*),
621 3598 676 3669 cui
723 3623 805 3669 cum
846 3599 880 3670 in
923 3599 1130 3672 universum
1179 3616 1280 3674 recte
1324 3603 1418 3673 haec
1461 3600 1670 3696 disputasse
1722 3600 1805 3672 mihi
1838 3599 2011 3670 videatur
2050 3601 2103 3670 de

214 3758 354 3805 summa
381 3760 500 3806 rerum
529 3733 597 3805 erit
624 3733 908 3817 assentiendum,
937 3732 1013 3806 scil.
1042 3733 1110 3805 has
1136 3762 1196 3807 res
1226 3761 1301 3807 non
1325 3737 1372 3807 ab
1391 3724 1475 3830 ipso
1506 3736 1626 3823 Livio,
1657 3733 1726 3808 sed
1755 3736 1801 3805 ab
1831 3734 1912 3828 ejus
1941 3749 2102 3805 auctore

213 3895 300 3942 esse
336 3868 559 3963 duplicatas,
596 3867 701 3939 aliam
734 3883 857 3940 autem
892 3869 1110 3941 sententiam
1148 3896 1356 3966 proponam
1399 3873 1447 3943 de
1485 3871 1566 3966 ipsa
1601 3870 1754 3953 ratione,
1789 3895 1863 3963 qua
1896 3863 1990 3939 illam
2021 3892 2105 3938 rem

213 4005 405 4102 geminam,
435 4022 474 4075 ut
500 4004 552 4075 ita
581 4002 710 4086 dicam,
739 4027 825 4073 esse
854 4003 991 4074 factam
1018 4021 1152 4097 putem.

428 4165 515 4237 Nlihi
551 4165 698 4260 quidem
730 4164 824 4237 haec
859 4191 978 4237 rerum
1019 4168 1192 4261 repetitio
1236 4197 1258 4240 a
1296 4168 1428 4240 Coelio
1474 4169 1570 4240 sacta
1605 4195 1690 4239 esse
1725 4169 1882 4253 videtur,
1922 4166 1982 4262 qui
2018 4191 2104 4238 cum

215 4302 339 4376 Sileno
361 4301 568 4395 Latinoque
599 4299 758 4394 quodam
788 4315 938 4373 auctore
968 4302 1162 4396 trajectum
1182 4304 1360 4408 Scipionis
1380 4305 1598 4399 naviumque
1620 4328 1810 4375 accessum
1838 4301 2104 4396 descripsisset

215 4455 326 4535 atque
347 4440 537 4509 Romanos
565 4434 737 4528 proximis
765 4435 798 4506 in
828 4434 968 4507 tumulis
998 4453 1120 4510 castra
1149 4464 1234 4512 esse
1264 4455 1424 4512 metatos
1453 4456 1640 4511 narrasset
1682 4434 1858 4509 nonnullis
1878 4437 1926 4509 de
1952 4453 2102 4510 terrore

216 4570 569 4667 Carthaginiensium
611 4568 745 4640 additis
776 4569 897 4665 'porro
940 4570 1100 4645 Silenum
1142 4589 1290 4646 secutus
1331 4573 1659 4670 Carthaginienses
1699 4572 1840 4643 misisse
1875 4572 1915 4642 Nl
1951 4571 2103 4666 equites

216 4710 444 4808 speculatum
482 4706 530 4776 ad
565 4728 666 4774 mare
709 4704 869 4793 tradidit,
903 4705 1039 4779 deinde
1077 4734 1156 4779 cum
1190 4735 1251 4782 res
1284 4710 1366 4805 ipso
1402 4707 1501 4781 bello
1538 4725 1668 4803 gestas
1706 4708 1931 4780 enarrandas
1978 4705 2103 4779 adiret

217 4845 265 4917 ad
293 4845 455 4940 priorem
488 4841 636 4920 fontem,
672 4863 693 4910 e
730 4864 804 4934 quo
834 4840 912 4935 jam
947 4858 1057 4914 antea
1094 4869 1155 4916 res
1194 4871 1215 4914 a
1250 4845 1427 4940 Scipione
1466 4845 1500 4916 in
1537 4822 1716 4937 Hispania
1747 4862 1877 4940 gestas
1910 4843 2101 4933 hauserat,

429 5208 458 5302 a)
505 5207 657 5271 Kcltcs,
682 5197 755 5259 bell.
782 5195 857 5259 l’uu.
882 5218 957 5267 sec,
983 5219 1058 5281 pag.
1085 5216 1127 5279 97
1142 5217 1297 5267 ·-·100.-
