4364 5858
1030 480 1064 528 11

105 672 356 745 historicarum
387 671 446 745 uel
482 672 816 769 geographicarum
844 674 906 743 vel
938 672 1137 753 militarium
1172 674 1379 770 cognitione
1414 674 1605 745 instructus
1641 675 1756 765 fuerit,
1795 692 1833 749 ut
1866 704 1927 749 res
1964 705 1987 752 a

107 806 280 903 Scipione
305 808 339 879 in
358 807 482 879 Africa
510 823 640 901 gestas
670 822 743 907 tam
773 806 925 901 copiose
955 805 1183 885 aedilucide
1213 808 1445 881 conscribere
1474 826 1614 903 posset.
1673 809 1874 883 Praeterea
1900 812 1985 901 vidi,

104 966 228 1037 neque
248 942 457 1035 Nissenium
476 966 597 1039 neque
618 940 960 1013 Friedersdorffrum
981 966 1102 1038 neque
1122 940 1214 1013 alios
1233 942 1416 1015 invenisse
1436 939 1543 1013 ullum
1565 930 1833 1030 auctorenr,'ex
1853 968 1928 1037 qno
1949 960 1988 1016 et

106 1074 245 1171 Polybii
274 1092 315 1147 et
340 1076 429 1147 Livii
459 1077 685 1148 narrationes
713 1076 893 1170 Scipionis
923 1101 1043 1147 rerum
1071 1056 1278 1148 ducendae
1296 1077 1367 1147 sint
1394 1092 1433 1149 et
1462 1102 1572 1173 quem
1601 1076 1674 1147 dno
1702 1075 1748 1147 illi
1786 1077 1986 1173 scriptores

104 1211 154 1281 ita
182 1210 455 1305 exscripserint,
485 1226 523 1281 ut
550 1235 618 1305 per
645 1208 776 1305 longas
805 1226 930 1305 partes
959 1208 1007 1281 ad
1036 1211 1187 1282 verbum
1217 1210 1454 1281 consentiant.

220 1354 226 1365 '
315 1344 448 1442 Neque
470 1342 708 1439 Polybianam
737 1341 954 1415 relationem
974 1368 1045 1414 non
1066 1370 1152 1415 esse
1182 1343 1294 1415 multo
1314 1344 1559 1438 copiosiorem
1580 1343 1732 1417 Liviana
1757 1370 1825 1417 nos
1855 1346 1985 1442 fugiet,

105 1478 202 1549 unde
246 1479 275 1550 si
304 1504 533 1551 communem
578 1504 663 1550 esse
707 1478 843 1549 fontem
872 1478 1075 1565 credimus,
1106 1476 1295 1572 Polybium
1325 1502 1397 1549 non
1425 1476 1669 1572 amplificasse
1698 1504 1803 1551 suum
1837 1479 1983 1565 fontem,

105 1613 173 1684 sed
203 1614 328 1708 paucis
357 1612 503 1684 mutatis
538 1613 719 1683 mutandis
761 1637 882 1707 paene
919 1612 1147 1684 adverbum
1190 1613 1338 1685 Graece
1381 1612 1614 1709 expressisse
1649 1628 1807 1707 pateret.
1877 1612 1988 1705 Quod

103 1771 174 1819 non
216 1747 328 1819 fuisse
372 1745 610 1841 Polybianum
653 1745 835 1817 scribendi
867 1770 995 1843 genus
1017 1844 1025 1859 ι
1045 1770 1112 1840 pro
1154 1760 1256 1817 certo
1298 1745 1508 1843 ponendum
1565 1746 1650 1817 mihi
1696 1746 1856 1835 videtur,
1908 1772 1989 1819 cum

103 1882 183 1977 ipse
214 1880 384 1976 Polybius
417 1882 464 1975 (in
493 1880 515 1953 l.
546 1880 594 1967 X,
626 1906 706 1974 cap.
743 1882 802 1974 10)
834 1878 1046 1973 profiteatur
1074 1907 1115 1952 se
1137 1878 1268 1966 Laelii,
1299 1904 1372 1977 quo
1401 1876 1623 1951 familiariter
1652 1904 1735 1950 eum
1764 1904 1868 1951 usum
1897 1904 1984 1953 esse

102 2031 266 2099 constat,
310 2016 537 2087 narrationes
566 2014 778 2085 adhibuisse
809 2012 901 2101 (Pol.
944 2014 998 2099 X,
1032 2015 1103 2109 3²);
1146 2014 1334 2107 cumipse
1365 2010 1536 2106 Polybius
1567 2012 1644 2111 (IX,
1678 2010 1739 2105 25)
1769 2012 1986 2085 Massinissa

101 2164 198 2221 teste
227 2150 373 2235 nitatur,
402 2175 483 2219 eum
512 2149 612 2242 ipsas
642 2148 814 2243 regiones
844 2134 1029 2245 urbesque
1059 2146 1207 2219 Africae
1236 2148 1356 2219 visere
1385 2171 1457 2218 non
1486 2145 1693 2243 neglexerit
1721 2147 1800 2236 (cfr.
1830 2146 1906 2220 Pol.
1936 2147 1983 2236 X,

110 2282 171 2357 11⁴
199 2298 237 2353 et
265 2282 351 2355 Plin.
382 2298 453 2354 nat.
484 2281 566 2353 hist.
596 2280 706 2361 Vltl?
741 2286 820 2375 18),
864 2308 944 2353 cum
974 2281 1162 2375 Polybium
1191 2306 1376 2377 cognosse
1406 2279 1588 2367 Silenum,
1632 2279 1824 2375 Sosylum,
1864 2280 1983 2353 Chac-

100 2442 220 2503 ream,
250 2417 448 2511 scriptores
477 2414 556 2486 illos
586 2414 798 2487 Hannibalis
825 2442 943 2487 rerum
972 2432 1171 2511 gestarum,
1200 2442 1248 2485 ex
1278 2415 1358 2508 ipso
1387 2414 1540 2508 Polybio
1572 2415 1645 2509 (lfl,
1686 2411 1768 2507 20⁵)
1799 2414 1983 2485 discamus

100 2574 143 2621 ac
172 2548 283 2621 multa
310 2566 486 2643 certaque
516 2548 728 2619 Punicorum
758 2566 944 2620 auctorum
972 2549 1129 2645 vestigia
1157 2548 1191 2618 in
1213 2548 1413 2643 Polybiano
1441 2573 1557 2643 opere
1587 2562 1743 2621 exstent.
1773 2590 1823 2600 -
1853 2546 1981 2641 Itaque

309 2925 340 2997 ³¹)
364 2928 537 2999 Nissen,
573 2928 613 2989 dc
645 2948 725 3007 pace
761 2947 847 2988 anno
883 2944 941 2989 201
971 2927 1289 3007 Carthaginiensibus
1312 2928 1406 2999 data,
1439 2946 1548 3007 progr.
1573 2924 1675 2987 Marb.
1702 2946 1734 3007 p.
1770 2942 1795 2998 1,
1829 2926 1871 2987 de
1899 2925 1980 2987 Livii
2058 2908 2061 2914 ¹

96 3056 230 3106 auctore
255 3044 335 3105 haec
360 3045 449 3105 dicit:
486 3064 581 3105 reum
606 3044 637 3125 (i.
669 3068 695 3104 e.
723 3052 903 3125 auctorem)
939 3043 1034 3105 fuisse
1068 3045 1251 3105 Romanum
1283 3052 1315 3104 et
1350 3042 1509 3123 Scipionis
1539 3042 1686 3122 partibus
1718 3040 1834 3102 favisse
1864 3050 1897 3103 et
1929 3061 1980 3103 res

99 3170 210 3239 gestas
235 3162 358 3241 optime
383 3161 532 3239 cognitas
555 3161 742 3234 habuis-seq
767 3169 799 3221 et
823 3180 898 3241 pag.
925 3178 959 3238 3:
989 3171 1120 3221 ›atrctor
1136 3160 1186 3221 ille
1208 3179 1273 3220 non
1297 3160 1340 3220 ita
1363 3179 1468 3239 pauca
1485 3156 1628 3220 Graecae
1648 3158 1835 3219 eruditionis
1859 3158 1976 3219 indicia

99 3296 177 3357 prae
200 3298 235 3337 se
258 3282 350 3341 tert«,
377 3314 416 3321 --
441 3276 593 3338 Similiter
610 3278 734 3357 judicat
757 3276 1078 3349 Friedersdorff,
1104 3296 1178 3357 pag.
1205 3291 1255 3355 70,
1281 3274 1334 3335 ubi
1359 3275 1452 3338 dicit:
1481 3274 1582 3334 »Livii
1606 3283 1773 3335 auctorem
1798 3272 1896 3335 fuisse
1918 3274 1977 3336 La-

96 3394 217 3467 tinum,
243 3394 457 3473 omnibusque
482 3394 578 3455 rebus
601 3403 667 3456 tarn
691 3396 776 3456 bene
800 3404 1012 3465 exstructum,
1038 3394 1092 3473 qui
1121 3401 1175 3453 aut
1199 3392 1268 3472 ipse
1291 3391 1322 3451 in
1345 3390 1456 3451 castris
1480 3389 1641 3470 Scipionis
1665 3389 1762 3451 fuisse
1785 3398 1841 3451 aut
1864 3409 1977 3451 eorum

98 3508 153 3589 qui
179 3510 208 3569 in
231 3509 281 3569 lris
304 3511 417 3570 castris
453 3510 569 3571 fuerint
598 3511 833 3572 narrationibus
869 3532 944 3571 usus
968 3531 1039 3571 csse
1062 3509 1237 3572 videatur.‹.
1288 3506 1380 3585 Quae
1415 3506 1524 3567 onmia
1559 3503 1623 3567 fere
1659 3504 1781 3567 illorum
1806 3504 1975 3567 hominum

97 3626 273 3685 docturum
294 3625 413 3705 judicia
437 3627 561 3706 optime
585 3627 614 3687 in
640 3626 743 3688 solum
768 3628 937 3706 Polybium
960 3627 1138 3706 quadrant,
1174 3634 1402 3705 praeterquam
1427 3623 1515 3703 quod
1541 3632 1676 3701 uterque
1692 3631 1859 3683 auctorem
1882 3620 1978 3685 fuisse

98 3742 284 3803 Romanurn
322 3752 424 3823 putat.
471 3743 749 3819 Argurnenturum
779 3754 904 3815 autem,
937 3742 1053 3821 quibus
1086 3742 1179 3802 nixus
1202 3740 1384 3821 nuperrime
1414 3738 1560 3799 Keller
1590 3738 1796 3819 Calpurnium
1827 3738 1977 3800 Pisonem

97 3879 169 3919 esse
201 3857 285 3918 illum
310 3879 516 3920 eonununern
542 3870 705 3919 auctorem
731 3861 871 3937 probare
895 3858 1033 3930 studuit,
1058 3867 1143 3919 certe
1167 3856 1320 3937 pleraque
1352 3854 1428 3915 milri
1459 3855 1589 3935 quidem
1613 3854 1701 3915 fluxa
1724 3864 1757 3915 et
1788 3854 1913 3915 infirma
1935 3854 1976 3914 vi-

97 3974 227 4047 dentur;
253 3995 326 4035 narn
351 3974 558 4055 Calpurnium
575 3975 723 4037 Pisonem
741 3974 810 4054 jam
833 3986 1017 4055 temporum
1042 3974 1121 4034 ratio
1140 3973 1194 4033 rix
1221 3993 1292 4033 esse
1308 3972 1382 4032 sinit
1406 3971 1532 4050 Polybii
1557 3970 1695 4040 fontem,
1721 3989 1794 4030 curu
1811 3968 1975 4049 Polybius,

96 4090 152 4169 qui
176 4091 279 4171 major
314 4102 389 4153 natu
415 4092 588 4173 Calpurnio
613 4092 783 4172 (Polybius
810 4102 879 4151 erat
903 4101 997 4151 natus
1028 4109 1055 4155 c.
1080 4110 1107 4150 a.
1135 4101 1196 4165 205
1229 4109 1257 4153 a.
1291 4086 1364 4149 Clrr.
1397 4086 1587 4168 Calpurnius
1622 4107 1648 4146 e.
1673 4108 1702 4150 a.
1739 4100 1799 4165 179
1829 4106 1856 4145 a.
1884 4086 1975 4160 Cbr.;

95 4205 152 4270 cfr.
178 4208 284 4279 Peter,
318 4209 391 4273 frist.
416 4210 510 4272 Rom.
536 4208 601 4277 rel..
637 4228 712 4287 pag.
737 4206 994 4278 CLXXXVflfl,
1026 4207 1135 4267 adnot.
1166 4206 1282 4286 prima)
1315 4204 1382 4266 sine
1411 4204 1511 4265 dubio
1536 4201 1604 4281 jam
1626 4212 1700 4262 ante
1729 4201 1765 4265 C.
1791 4200 1975 4263 Gracchum
2052 4218 2056 4225 ·

96 4323 182 4383 diem
206 4324 286 4384 obiit
311 4345 513 4405 supremum.
540 4334 625 4385 certe
642 4344 695 4384 eas
713 4324 820 4403 operis
836 4332 961 4403 partes,
987 4324 1017 4383 in
1034 4323 1150 4403 quibus
1166 4322 1207 4382 de
1224 4322 1320 4383 rebus
1336 4320 1498 4401 Scipionis
1519 4320 1640 4397 agitur,
1661 4317 1730 4397 jam
1752 4318 1835 4379 circa
1856 4297 1999 4378 annum·

103 4454 159 4517 133
194 4462 222 4503 a.
248 4438 322 4499 Chr.
348 4441 605 4521 conscripsisset,
632 4461 698 4519 quu
721 4460 806 4499 anno
831 4440 1018 4519 Calpurnius
1041 4438 1119 4499 Piso
1144 4438 1253 4501 consul
1279 4436 1384 4498 factus
1414 4446 1464 4497 est
1488 4433 1552 4515 (cfr.
1579 4434 1619 4494 H.
1645 4433 1756 4505 Peter,
1782 4432 1854 4498 hist.
1879 4433 1975 4497 Rom.

97 4553 149 4615 rel.
173 4556 192 4618 l.
217 4562 267 4635 c),
291 4554 497 4635 Calpurnium
523 4565 630 4616 autern
656 4575 719 4615 non
740 4555 909 4634 jruenem,
945 4556 1012 4626 sed,
1050 4564 1082 4615 ut
1117 4554 1172 4614 viri
1198 4554 1255 4615 illis
1272 4553 1486 4634 temporibus,
1522 4560 1627 4611 aetate
1646 4550 1713 4630 jam
1738 4548 1974 4631 provectiorem

99 4690 250 4749 rnagmnn
264 4672 424 4732 annalium
449 4693 530 4752 opus
555 4674 585 4732 in
610 4673 725 4750 vulgus
748 4672 885 4731 edidisse
909 4691 970 4731 uun
996 4672 1100 4731 minus
1121 4670 1288 4751 probabile
1312 4678 1369 4739 est,
1395 4688 1491 4749 quam
1507 4667 1686 4747 Polybium,
1710 4667 1760 4727 cui
1784 4666 1852 4726 sine
1874 4666 1975 4729 dubio

101 4786 199 4846 iidem
230 4786 334 4847 frmtes
358 4808 396 4847 ac
419 4788 592 4869 Calpurnio
615 4788 664 4848 rel
689 4788 832 4869 potiores
856 4798 987 4868 praesto
1010 4798 1114 4858 erant,
1140 4796 1206 4847 tam
1230 4805 1363 4867 pravam
1387 4782 1528 4864 aequalis
1563 4783 1684 4843 Pisonis
1713 4780 1975 4863 compilationem

98 4940 141 4950 -
161 4924 235 4964 nam
262 4904 343 4973 talis,
369 4905 393 4964 si
410 4903 538 4965 Kellero
554 4905 723 4976 credimus,
748 4904 844 4964 etiam
861 4903 1039 4983 Polybiana
1055 4904 1194 4963 narratio
1206 4911 1254 4963 est
1268 4940 1310 4947 —
1325 4921 1428 4983 paene
1443 4899 1633 4963 adverbum
1649 4898 1855 4979 exscripsisse
1879 4898 1974 4959 incre-

97 5019 195 5081 dibile
220 5030 278 5085 est.
304 5056 345 5065 —
371 5021 479 5081 Livius
503 5030 612 5082 autern
629 5022 751 5082 Pisonis
774 5021 942 5082 annalibus
965 5040 1041 5081 usus
1064 5040 1135 5080 esse
1151 5039 1224 5080 cum
1247 5019 1290 5080 ub
1314 5037 1461 5079 caussam
1484 5018 1539 5077 vix
1562 5015 1648 5077 credi
1672 5024 1794 5097 potest,
1808 5015 1884 5095 quia
1905 5013 1972 5075 Cal-

97 5136 230 5217 purnius
254 5157 304 5197 res
321 5137 482 5219 Scipionis
506 5158 570 5199 non
594 5147 660 5199 tam
684 5137 819 5217 copi‹·›se
842 5146 1031 5218 persecutus
1055 5157 1126 5196 esse
1151 5144 1273 5216 potest,
1299 5153 1373 5194 cum
1396 5134 1472 5195 Piso
1495 5152 1708 5213 quaecunque
1723 5130 1864 5191 Liuianis
1884 5130 1974 5192 libris

98 5253 217 5316 1-Vl.
240 5248 460 5327 continentur}
495 5255 526 5315 in
549 5264 675 5335 septem
701 5253 785 5314 libris
810 5253 993 5314 tradidisset
1022 5252 1088 5333 (cfr.
1118 5252 1158 5312 ll.
1185 5251 1291 5324 Peter,
1324 5249 1341 5310 Ι.
1367 5270 1394 5314 c.
1419 5270 1493 5330 pag.
1530 5248 1731 5329 118-136);
1764 5246 1973 5329 Calpurnium

97 5378 207 5433 autem
231 5390 297 5432 uno
321 5370 351 5431 in
375 5371 456 5432 libro
479 5392 625 5433 narrasse
648 5391 730 5450 quae
753 5370 896 5431 Liuianis
919 5390 976 5431 sex
1000 5369 1088 5431 libris
1111 5367 1343 5439 contineantur,
1367 5384 1467 5446 quam
1491 5364 1622 5426 minime
1645 5362 1814 5426 verisimile
1836 5364 1971 5427 videtur.

1718 5466 1763 5529 2*
